2322 3850
155 209 194 266 ts
420 223 460 264 iis
484 221 591 264 oreris
613 221 798 264 nisantium.

155 331 292 400 fulgorem,
312 340 401 386 vastas
419 340 510 402 terras,
530 331 635 385 deserta
651 331 741 385 omnia
759 347 911 386 occurrere:
934 331 962 384 in
982 331 1059 386 unius

156 401 269 456 hominis
280 401 448 471 jactationem
459 409 496 455 tot
508 401 612 454 milium
625 401 781 470 sanguinem
800 401 835 454 im
873 399 933 454 ndi:
953 399 1058 455 fastidio

155 487 215 524 esse
227 473 348 542 patriam,
360 472 485 527 abilioare
498 470 647 541 Philippum
663 483 773 540 patrem,
787 488 834 522 coe
848 488 892 524 nm
904 471 980 524 vanis
991 473 1058 540 cogi·

155 541 298 594 talionibus
315 543 424 610 petere!
458 542 519 596 Jam
538 557 617 612 prope
635 541 804 594 seditionem²
818 558 860 593 res
872 550 937 609 erat,
950 557 1014 594 curn
1025 541 1058 594 sd

154 610 253 663 omnia⁸
278 611 411 664 interritus
434 609 519 665 duces
548 611 732 681 principesque
762 611 878 664 militnm
907 610 1059 680 frequentes

154 679 250 732 adesse
267 682 415 750 praetorio‚⁴
432 682 632 752 Aegyptiosque
645 689 726 747 vates,
739 697 807 749 quos
818 679 885 733 coeli
897 695 930 733 ao
941 679 1058 734 siderum

154 749 328 818 peritissimos
345 767 405 804 esse
423 750 555 818 credebat,
572 750 635 818 qnid
654 751 788 818 sentirent,
801 763 956 819 expromere
973 749 1058 819 jubet.

154 818 307 890 utrinqu
321 821 501 889 aetissoirent,
521 830 669 888 temporum
687 819 766 874 orbes
783 821 895 890 implere
913 819 1059 872 destinatas

117 903 119 908 ·
153 889 235 956 vices,
254 888 398 960 lunamque
416 889 538 958 deficere,
557 906 619 942 curn
638 897 683 942 aut
701 898 799 942 terram
816 889 923 958 subiret,
940 898 986 942 aut
1004 889 1058 942 sole

154 962 336 1027 premeretur,⁶
354 960 481 1012 rationem
500 958 605 1029 quidem
625 959 689 1027 ipsis
706 969 858 1028 perceptam
877 975 928 1011 nori
947 958 1059 1012 edocent

155 1027 265 1095 vulgus:
290 1038 408 1082 ceterum
428 1029 568 1098 affirmarit,
590 1028 673 1080 solem
694 1029 864 1097 Graecorum,
886 1028 978 1081 lunam
999 1044 1059 1082 esse

153 1097 301 1166 Persarum,
314 1100 489 1168 quotiensque
508 1098 552 1150 illa
570 1097 683 1164 deficiat,
698 1098 800 1150 ruinam
818 1107 932 1166 stragem
954 1115 994 1150 ue
1006 1097 1060 1152 illis

152 1167 277 1234 gentibus
300 1168 436 1237 portendi:
461 1179 604 1237 veteraque
624 1165 747 1238 exempla
767 1178 924 1236 percensent
966 1168 1060 1220 ersidis

154 1252 253 1305 regum,
262 1253 328 1305 quos
339 1237 460 1290 adversis
471 1237 520 1289 diis
530 1253 669 1307 pugnasse,
679 1236 758 1289 lunae
766 1237 923 1290 ostendisset
931 1237 1059 1290 delectio.

73 1339 75 1346 ι
153 1305 234 1358 Nulla
258 1323 300 1358 res
322 1306 518 1360 multitudinem
539 1306 676 1360 efficacius
697 1306 770 1376 regit,
791 1323 872 1376 quam
893 1307 1059 1376 superstiti03

153 1373 269 1444 alioquin
287 1375 437 1444 impotens,⁶
449 1393 536 1444 saeva,
550 1375 692 1444 mutabilis,
707 1376 751 1429 ubi
763 1393 831 1428 vana
844 1376 968 1444 religione
981 1384 1060 1448 capta

152 1452 201 1511 est,
214 1444 311 1498 melius
323 1444 436 1516 vatibus,
449 1463 529 1514 qnam
542 1445 654 1499 diioibns
666 1447 722 1504 suis
733 1457 816 1515 paret.
853 1445 934 1514 lgitur
946 1445 1020 1499 edita
1032 1447 1058 1500 iu

153 1513 248 1581 vulgus
267 1514 461 1583 Aegyptiorum
483 1533 607 1585 responsa
627 1531 716 1568 rursus
735 1517 768 1568 ad
788 1532 864 1585 spem
884 1525 911 1568 et
931 1515 1059 1570 fiduciam

89 1607 91 1612 v
153 1591 414 1653 erexeretorpentes.

187 1656 229 1704 to.
248 1653 311 1721 Rex,
325 1653 425 1722 impetu
444 1653 591 1708 animorum
605 1654 734 1708 utendum
746 1663 824 1722 ratus,
838 1653 955 1711 secunda
968 1655 1060 1724 vigilia

153 1733 241 1794 castra
251 1723 348 1775 movit:
367 1721 460 1778 dextra
477 1723 575 1792 Tigrim
596 1723 719 1792 habebat,
738 1741 754 1774 a
773 1723 849 1776 laeva
868 1734 979 1794 montes,
992 1742 1060 1794 quos

153 1789 288 1844 Goidaeos
300 1794 414 1845 vocant!
447 1793 503 1846 Hoc
523 1793 644 1860 ingressis
657 1795 713 1860 iter,
727 1793 912 1863 speculatores,
926 1795 971 1864 qui
984 1811 1059 1864 prae·
1108 1811 1110 1815 ·

154 1860 228 1912 missi
241 1871 323 1929 erant,
333 1861 383 1915 sub
395 1862 462 1915 lucis
473 1874 565 1930 ortum,
581 1863 694 1915 Dareum
706 1863 850 1915 adventare
863 1865 1058 1918 nuntiaverunt.

118 1954 121 1959 ·
154 1931 282 1984 Instructo
296 1933 373 2000 igitur
385 1932 468 1984 milite
482 1941 507 1984 et
520 1933 663 2000 composito
675 1933 789 2000 tigmine,
802 1933 987 1986 antecedebat.
1006 1933 1058 1987 Sed

154 2001 292 2054 Persarum
311 2001 463 2054 moratores⁸
480 2011 561 2070 erant,
582 2001 653 2053 mille
673 2001 763 2071 ferme,
777 2003 822 2071 qui
836 2003 954 2072 speciem
968 2005 1058 2071 magni

153 2071 266 2137 agminis
289 2070 421 2123 fecerant:
446 2069 544 2139 quippe
564 2069 610 2124 ubi
631 2068 758 2139 explorari
781 2089 843 2124 vera
866 2089 917 2124 non
939 2082 1057 2142 possunt,

153 2138 221 2190 falsa
244 2155 290 2208 per
313 2150 415 2193 metum
439 2148 576 2206 augentur.
614 2140 661 2195 His
679 2141 797 2210 cognitis,
819 2158 946 2195 rexerim
965 2143 1059 2212 paucis

153 2223 258 2260 suorum
276 2218 415 2261 assecutus
431 2225 527 2276 agmen
544 2209 730 2277 refugientium
744 2211 778 2264 ad
791 2229 860 2279 suos,
873 2211 939 2264 alios
949 2213 1057 2282 cecidit,

152 2277 312 2346 capitalius:
329 2280 483 2346 equitesque
492 2280 628 2346 praemisit
640 2281 814 2350 speculatum,
824 2280 904 2334 simul
917 2290 945 2334 ut
958 2283 1057 2350 ignem,

152 2362 204 2414 quo
223 2345 327 2400 barbari
345 2357 526 2399 cremaverant
539 2348 618 2416 vicos,
638 2350 831 2418 extinguerent.
867 2350 970 2420 Quippe
990 2351 1059 2420 sugi-

152 2457 296 2518 knowledge
307 2457 334 2564 off
346 2474 360 2506 a
370 2474 481 2528 commori
492 2459 580 2529 soldier
591 2477 680 2524 among
691 2463 731 2515 tlic
745 2446 848 2537 Greelts,
861 2464 903 2512 tlie
914 2464 997 2526 Tigris
1007 2483 1058 2516 ivus

150 2519 254 2623 ortloffii
265 2517 657 2646 qqueacrtrqpqlpiqperdi’neqtffiqqit
670 2580 698 2637 is,
710 2581 880 2631 Alexandriam.

179 2639 188 2664 ²
200 2636 232 2682 ‘A
245 2645 339 2695 mutiny
352 2652 400 2684 was
412 2639 554 2686 imminent!
587 2637 665 2700 Prope
674 2640 695 2687 is
707 2641 816 2702 properly
827 2657 858 2690 en
868 2641 967 2700 adverb,
981 2645 1024 2693 but
1036 2645 1057 2694 is

150 2694 202 2743 also
213 2693 273 2742 used
284 2710 311 2742 as
322 2710 336 2742 a
346 2696 501 2754 preposition,
513 2698 646 2759 governing
657 2698 697 2746 the
709 2700 854 2750 accusative.

179 2759 188 2783 ³
201 2755 250 2803 ‘At
261 2753 293 2822 all
304 2753 373 2802 these
385 2755 482 2816 things!

179 2817 187 2841 ⁴
199 2814 222 2860 A
234 2813 339 2873 military
350 2815 498 2873 expressiori,
511 2815 535 2862 in
546 2815 625 2864 wliicli
640 2816 680 2864 the
697 2815 776 2866 dative
789 2822 906 2880 praetorio
917 2819 937 2868 is
948 2821 1010 2870 used
1020 2822 1055 2870 in·

149 2872 219 2920 stead
229 2871 257 2920 os
263 2875 295 2920 cd
303 2875 454 2935 praetorium.

179 2939 187 2962 ⁸
198 2931 252 2979 The
264 2932 374 2992 monthly
386 2933 480 2992 waning
491 2933 536 3000 and
548 2932 732 3001 disappearance
745 2934 772 2983 os
780 2935 820 2983 the
831 2951 903 2984 moon
914 2938 935 2986 is
946 2953 973 2986 so
984 2953 1054 3000 regii·

150 2989 184 3036 lar
194 3005 225 3038 en
235 3006 378 3039 occurrence
389 3008 415 3040 as
427 3003 452 3038 ro
462 3001 540 3040 excite
552 3008 575 3040 in
587 3009 615 3040 us
627 3009 657 3040 no
669 2993 796 3051 particular
808 2996 911 3044 remark.
944 2997 1054 3056 Curtius,

149 3048 272 3116 hoiqever,
285 3050 368 3118 tliinlis
383 3066 468 3110 proper
484 3061 508 3099 to
526 3052 633 3120 mention
649 3052 700 3100 that
717 3053 757 3101 tlie
774 3053 928 3116 soothsayers
939 3071 1004 3105 were
1015 3074 1054 3107 oc·

149 3107 611 3229 transdidittumulltu?
620 3111 953 3222 dlutlttuilttzt
960 3184 1054 3238 nini,

151 3230 158 3254 ι
405 3228 411 3249 t
492 3230 498 3251 l

149 3226 490 3392 Κῖἒῖαᾶἑίἓξὶεἵέθῐξτεῐθὶιιὲ
500 3287 586 3350 people
597 3303 660 3336 were
673 3288 750 3338 called
763 3289 944 3367 Gordyoeiqthe
955 3270 1057 3344 modern

178 3402 358 3464 '‘Maranding
368 3403 514 3464 stragglern'
548 3404 603 3454 The
619 3405 714 3456 French
729 3409 878 3465 κατακάων,
891 3409 938 3459 and
952 3409 1056 3473 English

148 3459 435 3519 merandencomefrom
445 3472 553 3512 morarer.
893 3523 901 3530 .
