2274 3844
495 249 588 289 arsen
609 249 648 288 vr.
972 235 1025 288 toa

111 371 211 427 essem,
225 365 345 410 ceterum
364 357 481 410 misereri
499 375 599 426 eorum,
612 356 709 426 quibus
726 357 870 410 vivendum
888 367 959 410 esset
976 358 1027 411 sub

111 443 153 495 eo,
167 427 214 494 qui
228 425 337 480 modum
349 427 465 480 hominis
476 427 626 480 excederet.
663 426 736 478 Haec
753 437 813 479 sant
831 429 912 480 etiam
925 425 1027 497 pridem

111 497 198 547 animi
221 495 329 548 alienati
353 513 370 547 a
392 498 447 548 me¹
471 511 497 548 et
522 496 664 548 invidentis
685 496 784 565 gloriae
808 513 885 550 meae
910 498 1025 549 indicia:

112 581 184 632 quae
196 565 332 634 equidem,
345 565 450 633 milites,
464 565 592 634 quamdiu
611 566 692 635 licuit,
706 566 732 618 in
750 566 837 618 auimo
856 583 916 618 meo
934 568 1026 637 pressi.

113 633 233 687 Videbar
256 635 328 686 enirn
352 634 418 687 mihi
437 646 540 704 partem
562 638 693 688 viscerum
713 651 833 688 meorum
852 636 1029 706 abrumpere,²

114 703 146 771 si,
169 704 194 755 in
215 719 282 772 quos
301 712 355 756 tarn
375 721 471 772 magna
490 705 661 774 contuleram,
684 704 789 757 viliores
812 704 876 757 mihi
901 707 1026 758 lacerem.

114 772 168 824 Sed
186 773 242 842 jam
261 789 311 824 non
330 774 411 825 verba
430 775 563 842 punienda
581 783 656 826 sunt:
681 774 787 842 linguae
812 776 947 827 temeritas
970 793 1026 845 per·

115 842 188 894 venit
201 841 235 892 ad
247 841 358 909 gladios.
395 843 456 912 Hos,
470 844 491 896 si
504 844 568 896 mihi
588 843 702 912 creditis,
723 843 839 896 Philotas
852 845 878 895 in
890 861 934 896 me
947 846 1026 896 acuit.

115 911 144 963 ld
171 912 193 962 si
217 913 273 980 ipse
297 912 411 972 admisit,
432 929 484 981 qno
508 929 552 965 me
576 913 718 981 conferam,
740 912 858 965 militesl
881 915 924 965 cui
948 923 1027 984 capnt

115 997 208 1032 meum
229 981 357 1033 credaml
395 982 538 1050 Equitatui,
555 983 670 1052 optimae
692 984 824 1036 exercitus
842 985 918 1064 parti,
936 984 1027 1104 princi·

114 1051 195 1118 pibus
223 1049 403 1102 nobilissimae
432 1051 586 1120 juventutis,
618 1069 700 1105 unum
731 1052 876 1121 praefeci:³
905 1061 1027 1122 sautem,

115 1135 202 1188 spem,
220 1119 359 1172 victoriam
376 1137 464 1173 meam
481 1121 543 1174 lidei
563 1121 622 1192 ejus
641 1117 793 1190 tutelaeque
813 1123 945 1174 commisi.
983 1123 1029 1174 Pa·

116 1198 185 1240 trem
205 1189 230 1240 in
249 1188 320 1240 idem
341 1190 484 1258 fastigium,
505 1192 531 1242 in
555 1209 606 1260 quo
625 1207 669 1243 me
687 1191 735 1259 ipsi
755 1191 885 1260 posuistis,
904 1191 1027 1244 admovi:

115 1257 246 1326 Mediam,
260 1275 313 1326 qua
324 1259 397 1311 nulla
415 1261 562 1329 opulentior
580 1263 652 1328 regio
670 1269 717 1329 est,
731 1271 757 1314 et
777 1269 812 1312 tot
831 1262 928 1313 civium
949 1264 1028 1312 socio-

116 1343 228 1395 rumque
247 1328 321 1380 milia
340 1329 450 1398 imperio
468 1331 527 1382 e'us
545 1330 695 1399 dicionique
713 1330 823 1399 subjeci.
860 1331 937 1383 Unde
955 1347 1028 1399 prae·
1097 1331 1101 1338 '

115 1396 216 1448 sidium
232 1399 370 1466 petieram,
391 1400 536 1468 pericuum
559 1401 653 1452 extitit.
688 1401 776 1458 Quam
796 1399 908 1452 feliciter
926 1401 951 1452 in
971 1401 1029 1452 acie

114 1466 283 1534 occidissem,
297 1469 384 1536 potius
397 1470 479 1520 hostis
492 1471 597 1538 praeda,
611 1487 690 1539 quam
708 1470 776 1522 civis
786 1469 912 1522 victima!
951 1471 1028 1522 Nunc

114 1545 237 1588 servatus
255 1553 288 1589 err
307 1538 437 1605 periculis,
475 1556 525 1590 uae
544 1540 600 1590 sola
618 1540 700 1608 timui,
720 1540 745 1592 in
766 1539 834 1592 haec
852 1539 939 1607 incidi,
958 1557 1028 1608 quae

114 1605 211 1656 timere
228 1622 278 1658 non
296 1606 397 1658 debui.⁴
432 1555 527 1660 Stlletis
546 1609 689 1660 identidem
708 1625 724 1660 a
742 1625 795 1678 me,
809 1609 915 1678 milites,
929 1621 1027 1679 petere,

115 1683 144 1726 ut
164 1674 243 1726 saluti
262 1691 341 1727 meae
362 1693 479 1746 parcam.
516 1678 569 1746 lpsi
586 1678 653 1730 mihi
675 1689 808 1747 praestare
825 1680 940 1748 potestis,
958 1679 1028 1748 quod

115 1744 238 1795 suadetis
255 1755 283 1797 ut
302 1745 407 1797 faciam.
444 1747 484 1798 Ad
499 1759 600 1799 vestras
620 1765 719 1814 manus,
734 1748 765 1800 ad
781 1759 866 1799 vestra
883 1766 956 1801 arma
968 1765 1028 1800 con·

113 1813 201 1880 fugio:
216 1815 305 1866 invitis
317 1815 393 1868 vobis
405 1816 493 1868 salvus
506 1833 565 1868 esse
577 1817 651 1868 nolo:
666 1817 834 1886 volentibus,⁵
847 1835 895 1870 non
909 1835 1026 1888 possum,

114 1882 166 1934 nisi
181 1883 307 1936 vindicor.

150 1957 192 2003 35.
210 1951 279 2005 Tum
293 1953 434 2023 Philotam,
448 1955 565 2022 religatis
578 1965 636 2024 post
649 1965 751 2022 tergum
765 1957 897 2024 manibus,
911 1956 1028 2008 obsoleto

113 2021 232 2074 amiculo
245 2023 362 2076 velatum
379 2025 457 2093 jussit
471 2025 568 2076 induci.
606 2025 694 2076 Facile
706 2025 858 2094 apparebat,
872 2034 957 2078 motos
968 2043 1027 2078 esse

115 2100 171 2142 tam
190 2093 333 2146 miserabili
353 2093 442 2146 habitu
463 2111 511 2146 non
533 2096 589 2146 sine
609 2095 707 2146 invidia
720 2094 796 2164 paulo
809 2106 871 2147 ante
884 2096 1026 2214 conspecti.

114 2161 220 2214 Ducem
239 2163 373 2231 equitatus
391 2165 475 2232 pridie
493 2164 611 2216 viderant
621 2181 628 2232 3
647 2164 775 2232 sciebant,
791 2165 860 2232 regis
876 2165 943 2216 inter
956 2165 1027 2216 uisse

114 2231 248 2283 convivio.
283 2233 403 2300 Repente
416 2251 466 2286 non
481 2251 556 2286 reum
569 2234 685 2304 quidem,
700 2233 746 2284 sed
763 2234 844 2286 etiam
863 2235 1025 2302 damnatum,

114 2300 198 2352 immo
217 2301 345 2369 vinctum,
367 2303 556 2356 intuebantur.⁶
592 2303 699 2355 Subibat
719 2304 823 2356 animos
847 2305 1028 2356 Parmenionis

113 2385 230 2490 quoque,
244 2371 310 2422 tanti
323 2372 406 2439 ducis,
420 2382 474 2426 tam
488 2372 551 2425 clari
564 2373 638 2442 civis,
654 2372 763 2442 fortuna,
776 2374 822 2444 qni
834 2373 912 2426 modo
923 2373 1027 2426 dnobus

134 2438 184 2507 liis,
203 2440 317 2492 Hectore
335 2457 367 2493 ac
385 2443 523 2509 Nicanore,
537 2443 651 2511 orbatus,
664 2459 727 2496 cum
743 2459 783 2512 eo,
801 2459 880 2513 quern
895 2444 1025 2513 reliquum

113 2508 254 2562 calamitas
271 2507 378 2578 fecerat,
391 2512 489 2564 absens
506 2514 605 2566 diceret
617 2514 747 2566 causam.l
782 2513 875 2583 ltaque
887 2517 1025 2582 Amyntas,

114 2579 207 2648 regius
218 2589 328 2648 praetor,
343 2581 498 2634 inclinatam
510 2582 544 2634 ad
557 2582 764 2635 misericordiam
777 2585 926 2636 contionem
940 2599 1027 2636 rursus

248 2685 313 2690 ..-.....
514 2689 537 2693 ..
880 2687 1024 2694 —-.-—-.-

143 2729 151 2754 ¹
164 2724 263 2773 ‘These
274 2741 313 2774 are
325 2726 404 2785 prools
416 2689 515 2778 that-his
522 2728 589 2778 mind
597 2743 648 2776 was
657 2728 775 2777 alienated
784 2729 845 2777 from
854 2745 892 2777 me
900 2745 960 2776 even
971 2729 1026 2790 long

113 2784 178 2844 ago:

142 2847 152 2873 ¹
165 2842 192 2890 ‘I
203 2842 245 2891 selt
257 2859 283 2892 as
294 2843 334 2892 ill
346 2857 410 2893 were
422 2847 514 2908 tearing
526 2863 619 2954 uwapa
630 2858 682 2906 part
694 2846 722 2894 of
729 2861 770 2905 my
780 2861 837 2894 own
847 2845 932 2892 beart)
972 2845 1024 2894 Via-

112 2919 166 2951 rera
177 2918 217 2950 are
224 2903 265 2950 the
275 2902 351 2960 heart,
362 2905 429 2960 liver,
439 2905 518 2967 lunge,
528 2907 574 2954 and

113 2977 140 3009 as
151 2971 218 3010 seats
229 2959 258 3010 ol
269 2962 366 3024 feeling.

143 3021 190 3068 ³⁴1
202 3022 263 3068 have
275 3023 346 3084 given
358 3022 407 3070 him
419 3023 460 3070 the
477 3025 528 3072 sole
544 3022 671 3072 command
687 3020 768 3069 nithe
784 3023 881 3082 cavalry
889 3023 905 3080 ;’
924 3039 954 3071 an
970 3024 1024 3072 inti·

113 3080 204 3127 motion
216 3079 268 3130 that
280 3081 328 3128 this
339 3084 466 3131 command
478 3099 528 3131 was
538 3081 679 3130 afterwards
690 3080 777 3128 altered
787 3082 899 3130 between
910 3092 966 3131 two.

141 3145 151 3166 ⁰
163 3139 270 3186 ‘Which
282 3139 293 3186 l
304 3140 390 3188 should
402 3153 442 3188 not
455 3143 516 3189 have
527 3141 574 3188 had
585 3151 610 3188 to
621 3140 687 3187 sear.¹
721 3139 767 3187 See
781 3140 861 3192 Grcm.
874 3142 887 3193 l
899 3145 950 3190 328.

600 2906 694 2966 idneys‚
704 2904 784 2952 which
793 2918 856 2952 were
866 2903 954 2953 looked
962 2919 1026 2965 upon

143 3206 151 3229 ¹
164 3198 205 3245 ‘lt
217 3215 265 3258 you
278 3199 337 3246 wish
351 3200 367 3247 it
376 3201 392 3257 ;'
411 3201 515 3260 nnmely¹
527 3201 577 3247 that
591 3200 602 3246 l
614 3198 701 3247 should
711 3200 804 3250 remein
815 3201 885 3250 alive.

140 3262 170 3338 ⁸7¹
179 3257 252 3317 They
261 3257 379 3319 suddenly
391 3275 440 3306 saw
453 3259 512 3314 him,
526 3270 566 3306 not
578 3258 669 3318 merely
681 3273 708 3306 as
719 3273 750 3306 un
760 3261 862 3309 accused
873 3276 969 3320 person,
981 3263 1023 3310 but

112 3332 150 3402 ml
164 3317 267 3423 diisam
281 3378 356 3424 dicere
373 3377 393 3424 is
410 3377 502 3436 always
519 3375 569 3424 said
586 3376 614 3424 ol‘
630 3377 732 3426 accused
753 3393 862 3440 persons,
883 3385 923 3426 ‘to
938 3378 1025 3428 defend
1060 3392 1063 3400 ¹

113 3434 263 3489 one's·selt'‚’
281 3433 337 3482 here
354 3436 378 3482 in
395 3435 435 3482 the
451 3451 522 3484 sense
533 3435 561 3485 of
576 3443 614 3484 ‘to
626 3438 656 3485 be
666 3437 747 3488 forced
763 3448 789 3487 to
804 3436 891 3487 del'end
907 3437 1022 3497 himsell,’

116 3499 155 3542 ‘to
167 3495 197 3542 be
208 3494 348 3554 grievously
359 3494 472 3543 blamed'
875 3516 879 3525 ·
