2294 3842
134 211 194 274 20⁶
400 225 440 266 ns
463 225 569 268 saeris
589 223 775 266 caussam.

134 342 289 409 portaverat,
308 333 356 390 ud
378 335 460 390 etiam
484 333 592 400 famam,
611 334 668 386 sive
685 331 750 388 illud
770 329 921 401 triumphus
939 331 990 390 init
1008 331 1045 387 ab

136 421 168 460 eo
185 405 299 475 primum
323 403 475 472 institutus‚¹
493 404 550 456 sive
567 402 755 458 bacchantium
773 401 853 470 lusus,
873 403 965 456 statuit
984 401 1044 457 imi·
1068 449 1072 455 .

136 475 193 544 tari,
205 473 294 526 animo
306 489 335 526 su
374 491 385 526 r
396 474 543 528 humanum
554 469 689 540 fastigium
702 471 780 524 elato.
816 471 904 538 Vicus,
917 487 964 542 per
975 487 1044 540 quos

136 543 265 610 iteraret,
283 541 341 596 flori
361 560 392 598 us
408 543 562 610 coronisque
580 541 759 609 sternijubet,
777 540 915 594 liminibus
932 541 1043 594 aedium

136 623 250 664 crateras
261 612 320 664 vino
333 612 457 682 repletas⁹
473 619 499 664 et
517 610 570 662 alia
585 610 699 664 eximiae
712 609 902 678 magnitudinis
913 627 978 664 vasa
991 608 1043 662 dis-

135 681 212 750 poni3
236 679 359 734 vehicula
376 681 473 734 deinde
491 680 641 746 constrata,⁸
664 689 693 732 ut
716 679 806 748 plures
828 695 926 747 cepere
943 679 1044 732 milites

136 757 250 820 possem,
264 750 291 804 iu
304 751 529 804 tabernaculorum
544 749 651 802 modum
664 749 757 816 ornari,
769 748 823 800 alia
835 747 954 802 candidis
967 747 1043 816 velis,

136 818 190 872 alia
202 829 276 872 veste
292 821 413 888 pretiosa.
450 819 529 874 Primi
550 818 621 870 ibant
633 815 714 872 smici
726 827 753 870 et
765 817 859 870 cohors
870 818 949 885 regia,
962 817 1045 870 variis

137 887 258 942 redimite
280 888 387 942 tionibus
409 889 562 955 coronisque
571 889 590 954 β
612 887 675 942 alibi
700 887 839 940 tibicinum
857 895 959 954 cantus,
978 886 1044 942 alibi

137 955 212 1026 lyrae
224 974 303 1012 sonus
314 957 485 1012 audiebatur:
504 957 569 1010 item
581 957 607 1010 in
620 956 751 1010 vehiculis
767 973 813 1025 pro
824 956 902 1026 copia
913 956 1044 1025 cujusque

137 1027 270 1079 adornatis
287 1027 514 1080 comissabundus⁶
532 1027 670 1093 exercitus,
683 1026 771 1092 armis,
785 1042 854 1094 quae
867 1027 984 1078 maxime
997 1027 1045 1078 de·

138 1104 298 1165 comerent,
317 1096 602 1166 circumpendentibus.
639 1095 729 1163 ipsum
748 1096 929 1163 convivasque
950 1111 1046 1146 currus

139 1163 260 1233 vehebat,
273 1166 381 1218 crateris
397 1167 484 1218 aureis
501 1165 621 1234 ejusdem
642 1182 675 1221 ue
695 1165 820 1218 materiae
833 1163 988 1231 ingentibus
1000 1181 1045 1232 po·

138 1233 205 1288 culis
217 1233 375 1304 praegravis.
411 1235 466 1288 Hoc
479 1235 556 1288 modo
569 1181 685 1302 perhies
696 1245 798 1302 septem
818 1233 1044 1286 bacchabundum

138 1319 234 1372 agmen
248 1303 362 1371 incessit,
375 1314 466 1372 parata
478 1302 583 1372 praeda,
596 1304 617 1356 si
647 1303 691 1356 uid
707 1303 784 1356 victis
801 1303 897 1356 saltem
915 1303 1046 1364 alvertus

138 1373 310 1426 comissantes
322 1372 403 1424 animi
421 1373 528 1426 luisset:
548 1373 621 1426 mille
630 1321 749 1440 hercule,
765 1373 810 1424 viri
824 1373 905 1426 modo
916 1382 942 1426 et
956 1367 1044 1440 sobrii,

138 1449 241 1510 septem
252 1441 353 1494 dierum
367 1442 473 1510 crapula
484 1459 578 1508 graves
590 1444 616 1494 in
629 1459 676 1494 suo
689 1441 822 1510 triumpho
839 1458 937 1510 capere
955 1451 1045 1510 potue·

139 1518 207 1562 runt.
243 1507 294 1562 Sed
312 1509 421 1577 fortuna,
434 1527 502 1579 quae
515 1512 593 1564 rebus
606 1511 705 1566 samam
718 1513 885 1580 pretiumque
898 1512 1044 1579 constitnit,

138 1577 188 1632 hoc
200 1595 303 1646 quoque
314 1578 426 1632 militiae
442 1581 576 1647 probrum⁸
589 1582 665 1633 vertit
676 1582 702 1634 in
715 1579 833 1648 gloriam.
871 1581 905 1634 Et
919 1595 1046 1650 praesens

138 1657 213 1698 aetas
225 1655 250 1698 et
263 1648 401 1725 posteritas
411 1648 507 1702 deinde
519 1651 614 1702 mirata
626 1659 673 1719 est,
687 1667 734 1720 per
744 1660 839 1716 gentes
851 1651 970 1702 nondum
980 1649 1047 1702 satis

138 1715 252 1771 domitas
265 1716 405 1769 incessisse
418 1718 585 1786 temulentos,
599 1719 722 1788 barbaris,
736 1719 806 1787 quod
824 1721 962 1772 temeritas
978 1727 1044 1786 erat,

138 1783 262 1838 fiduciam
275 1802 335 1838 esse
347 1786 524 1844 credentibus.
560 1789 636 1842 Hunc
654 1797 807 1858 apparatum
820 1788 939 1841 carnifex
952 1803 1046 1866 seque·
1082 1807 1084 1810 ·

140 1853 348 1932 haturaquippe
366 1865 484 1925 satrapes
496 1858 631 1925 depastas,
645 1857 679 1909 de
692 1874 744 1927 quo
755 1867 817 1911 ante
828 1857 931 1910 dictum
944 1865 992 1922 est,
1005 1873 1046 1909 m·
1145 1905 1146 1908 ,

139 1923 221 1976 terfici
239 1941 328 1993 Jussus
345 1934 394 1978 est.
429 1926 505 1980 Adeo
522 1943 573 1978 nso
590 1926 709 1980 luxuriae
726 1927 870 1996 quicquam
889 1926 1045 1994 crudelitas,
1145 1967 1146 1970 ,

139 2009 188 2046 nec
200 1993 349 2048 crudelitati
363 1995 464 2048 luxuria
475 1994 570 2047 obstat.
1145 2009 1146 2020 ¹

477 2091 635 2098 -.-,.----..--,
643 2091 654 2096 -
743 2093 748 2098 .
770 2088 794 2100 ι...
958 2095 994 2100 —

168 2136 175 2158 ¹
185 2129 240 2178 The
251 2131 336 2179 author
344 2129 401 2179 here
409 2147 536 2191 expresses
545 2147 574 2180 an
584 2133 681 2191 opinion
688 2133 739 2180 that
748 2132 789 2180 the
798 2131 1046 2194 triumpluspeculiar

140 2197 164 2236 to
176 2188 335 2296 [hiemans
347 2205 398 2238 was
408 2191 534 2252 originally
545 2206 560 2238 a
570 2191 652 2240 march
667 2192 695 2240 ol
706 2195 838 2240 &martes
853 2191 901 2238 aad
917 2191 1045 2240 instituted

140 2249 177 2336 by*
187 2305 267 2353 There
279 2283 319 2374 aie
329 2316 378 2354 two
389 2307 637 2378 forms-cretaceus,
649 2324 739 2366 masc.;
757 2308 803 2356 and
812 2318 955 2366 crotera-ae,
968 2309 1024 2358 lem.

168 2368 177 2394 ⁸
189 2370 195 2390 ⁸
206 2365 320 2414 Ovarlard
328 2366 345 2421 ;'
363 2367 467 2427 namsly.
481 2369 540 2416 with
551 2368 646 2416 boards.

168 2423 229 2472 ‘Au
241 2423 349 2474 instance
359 2425 387 2472 ol
398 2427 422 2471 lv
431 2427 466 2472 διὰ
477 2427 543 2482 mota,
559 2425 684 2486 ‘gerlande
695 2426 722 2474 of
733 2426 846 2476 flowers!
880 2427 929 2476 See
946 2428 1044 2488 Zumpt,

140 2481 153 2534 ᾖ
165 2485 326 2608 3⁴Slomevvhst
337 2551 447 2602 stronger
458 2542 514 2610 thau
525 2545 661 2613 comissum:
692 2545 738 2592 See
749 2554 814 2600 note,
827 2561 851 2592 v,
863 2548 901 2592 23.

167 2605 176 2630 ⁸
190 2599 266 2648 ‘Thrs
278 2597 385 2660 drsgrace
396 2600 425 2648 ol
431 2601 472 2649 the
483 2601 588 2662 military
599 2603 708 2652 service!
741 2603 822 2652 There
833 2619 878 2651 cen
889 2607 921 2652 he
933 2620 966 2652 no
976 2620 1046 2664 ques·

140 2659 190 2708 tion
206 2659 258 2706 that
275 2659 374 2706 Curtius
387 2659 475 2721 jndges
492 2671 531 2708 too
547 2660 645 2723 harshly
656 2663 721 2711 here.
752 2663 824 2710 Alter
834 2663 875 2710 the
887 2663 987 2712 terrible
998 2662 1046 2711 sol-

140 2719 230 2779 larings
240 2717 268 2766 ol
280 2720 321 2766 the
337 2719 419 2768 march
435 2720 539 2780 through
555 2719 596 2768 the
613 2721 701 2777 desert,
714 2722 853 2782 something
863 2723 1065 2790 extraordinary'

139 2791 191 2884 pras
202 2777 313 2884 rpquired
328 2787 353 2826 to
368 2779 434 2828 drivs
450 2779 510 2828 from
527 2779 567 2828 the
583 2783 762 2830 remembrance
773 2781 801 2829 oi'
812 2781 854 2829 the
869 2781 974 2830 soldiers
984 2782 1048 2830 their

152 2850 211 2886 scen
234 2852 352 2886 tumeries.
