2322 3850
517 213 610 256 arnan
635 215 675 256 rr.
1010 203 1046 258 dl

137 315 330 376 continentiam
341 321 436 392 perfer.
473 321 507 376 Et
525 339 588 375 cum
606 323 633 376 in
653 323 733 392 regali
751 323 815 378 solio
827 325 965 397 residebis,
977 327 1049 380 vitae

137 392 266 462 necisque
290 393 409 444 omnium
433 392 530 444 civium
551 391 681 462 dominus,
703 411 768 446 care
788 395 951 448 obliviscaris
969 396 1049 466 hujus

137 469 229 530 status,
245 463 271 514 in
289 477 342 531 quo
359 461 459 530 accipis
478 479 593 530 reennrn,
609 464 690 514 immo
709 463 824 533 hercule,
838 475 942 534 propter
958 483 1047 535 quem.

137 529 246 584 Somnio
258 530 353 585 similis
372 548 413 583 res
425 530 558 598 Abdara..)
567 549 609 582 rnc
621 531 775 584 videbatur:
796 533 936 604 interdum,
950 537 1048 588 satisne

138 601 196 653 sani
215 609 313 668 essent,
327 601 372 669 qni
390 610 445 652 tam
465 611 584 670 proterve
603 600 652 653 sibi
670 599 818 670 illuderent,
838 604 1047 672 percontabatur.

137 669 190 722 Sed
203 681 232 723 ut
245 670 379 723 cunctanti
392 669 497 738 squalor
508 669 614 722 ablutus
626 680 674 738 est,
689 680 715 723 et
734 670 831 739 injecta
843 673 924 725 restir
936 689 1049 744 purpura

137 755 255 808 auroque
274 739 404 806 distincta,
419 748 445 791 et
464 739 530 792 tides
546 755 562 790 a
578 738 726 808 jurantibus
746 741 823 808 iacta,
837 743 903 793 serio
920 741 976 812 jam
995 761 1047 813 rex,

138 807 236 862 iisdem
256 809 444 861 comitantibus
463 809 488 860 in
510 809 608 876 regiam
628 811 757 878 pervenit.
795 809 878 862 Fama
897 811 1002 882 deinde,
1020 823 1048 866 nt

137 877 213 947 solet,
234 888 339 931 strenue
358 885 412 930 tota
431 877 495 930 urbe
512 877 646 931 discurrit:
665 879 775 932 aliorum
796 879 922 950 studium,
939 881 1049 936 aliorum

137 947 285 1016 indignatio
308 947 459 1000 eminebat:
489 946 636 1000 ditissimus
658 949 770 1020 quisque
795 948 972 1003 humilitatem
995 952 1048 1003 ino-

136 1018 264 1087 piamque
277 1017 337 1087 ey'us
347 1016 418 1086 apud
430 1015 532 1068 amicos
544 1017 688 1070 Alexandri
700 1017 897 1071 criminabatur.
933 1019 1047 1073 Admitti

137 1103 201 1140 eurn
222 1103 268 1139 rex
287 1087 405 1156 protinus
422 1085 507 1156 jussit,
527 1085 627 1155 diuque
647 1087 850 1158 contemplatus,
872 1090 994 1158 eorporis,
1011 1083 1052 1144 iri-¹

136 1157 202 1228 quit,
224 1155 332 1209 habitus
350 1156 439 1208 famae
459 1156 564 1224 generis
584 1173 633 1210 non
655 1165 799 1228 repugnat:
819 1157 867 1212 sed
887 1157 953 1211 libet
971 1159 1047 1229 scire,

136 1225 256 1296 inopiam
280 1230 333 1294 qua
355 1225 483 1295 patientia
507 1225 618 1278 tuleris?
653 1227 724 1280 Tum
748 1227 800 1296 ille,
820 1227 931 1297 utinam,
956 1227 1047 1298 inquit,

136 1295 233 1348 eodem
258 1297 346 1347 animo
370 1308 479 1362 regnum
503 1296 557 1364 pati
577 1295 694 1375 possim!
720 1298 771 1350 hae
796 1315 892 1350 manus
915 1293 1047 1351 suffecere

135 1365 269 1418 desiderio
290 1381 366 1416 meo:
389 1363 452 1416 nihil
474 1363 582 1417 habenti
604 1367 666 1418 nihil
687 1366 781 1419 deicit.
816 1368 933 1438 Magnae
955 1367 1048 1420 indolis

135 1433 274 1502 specimen
298 1451 331 1486 ex
351 1434 400 1486 hoo
421 1450 541 1487 sermone
561 1435 739 1506 Abdalonymi
760 1438 840 1505 oepit.
885 1439 976 1507 itaque
997 1438 1047 1490 noir

134 1503 265 1556 Stratonis
284 1503 361 1556 modo
380 1504 478 1572 regiam
498 1505 710 1573 suppellectilem
727 1506 834 1558 attribui
854 1509 878 1559 ei
896 1507 981 1577 jussit,
1000 1507 1047 1560 sed

134 1573 274 1644 pleraque¹
298 1574 378 1628 etiam
399 1591 438 1648 'ex
461 1573 566 1626 Persica
584 1577 689 1644 praeda,
712 1576 846 1644 regionem
866 1592 970 1647 quoque
991 1576 1048 1629 urbi

134 1644 286 1714 appositam
297 1643 392 1695 dicioni
404 1643 462 1712 ejus
472 1642 578 1711 adjecit.

170 1717 195 1765 5.
215 1714 319 1766 Interea
331 1715 469 1782 Amyntas,
483 1729 562 1781 quern
582 1713 615 1765 ad
635 1713 731 1765 Persas
746 1711 780 1765 ab
799 1713 948 1766 Alexandro
966 1723 1048 1766 trans·

134 1783 238 1852 fugisse
259 1782 395 1852 diximus*
415 1799 476 1836 curn
496 1791 619 1852 quattuor
637 1781 748 1834 milibus
770 1783 937 1850 Graeeonrm‚
959 1784 1047 1852 ipsum

135 1869 170 1906 ex
187 1853 249 1905 acie
269 1852 424 1922 persecutis,
442 1853 505 1920 suga
524 1851 651 1920 Tripolin³
670 1851 798 1920 pervenit.
834 1852 899 1905 Inde
920 1853 945 1905 in
966 1867 1048 1906 nares

135 1922 266 1975 militibus
285 1921 413 1990 impositis
431 1922 546 1990 Cyprum
566 1921 717 1987 transmisit,
738 1931 764 1972 et
788 1938 849 1973 cum
867 1921 893 1974 in
912 1921 955 1974 illo
977 1931 1046 1976 statu

135 2009 223 2046 rerum
244 1991 270 2044 id
289 2008 431 2060 quemque,
445 1992 513 2060 quod
532 2000 696 2060 occupasset,
710 1989 861 2044 habitururn
880 1989 1047 2046 arbitraretur
1076 2001 1079 2008 '

134 2061 209 2115 velut
222 2069 294 2114 certo
309 2061 366 2130 jure
379 2076 537 2130 possessum,
551 2063 704 2130 Aegyptum
725 2069 813 2130 petere
832 2060 965 2113 decrevit:
985 2063 1046 2114 utri-

135 2149 188 2202 que
210 2133 266 2200 regi
287 2129 378 2199 hostis,
392 2139 418 2182 et
437 2147 543 2198 semper
555 2148 587 2182 err
601 2129 709 2200 ancipiti
728 2131 874 2182 mutatione
894 2139 1045 2200 temporum

135 2201 266 2270 pendens.
304 2199 482 2268 Hortatusque
503 2199 602 2252 milites
621 2199 654 2252 ad
680 2215 756 2268 spem
778 2209 866 2252 tantae
891 2202 936 2270 rei,
959 2200 1044 2271 docet,

136 2271 261 2324 Satacem
274 2279 422 2340 praetorem
434 2271 549 2338 Aegypti
563 2269 693 2322 cecidisse
706 2270 732 2322 in
740 2271 808 2338 acie,
819 2269 957 2324 Persarum
972 2288 1046 2341 prae-

135 2340 234 2393 sidium
255 2349 281 2392 et
300 2341 357 2391 sine
378 2338 446 2390 duce
469 2353 536 2407 esse,
556 2349 582 2392 et
603 2339 754 2406 invalidum,
772 2341 925 2410 Aegyptios,
940 2357 1046 2410 semper

134 2409 303 2480 praetoribus
315 2425 405 2460 eorum
420 2407 536 2480 infestos,
550 2427 596 2482 pro
613 2411 693 2460 sociis
710 2409 788 2478 ipsos,
804 2427 851 2461 non
866 2426 912 2480 pro
924 2409 1045 2464 hostibus

134 2480 332 2532 aestimaturos.
369 2479 465 2532 Omnia
487 2479 598 2548 experiri
623 2491 768 2531 necessitas
792 2480 920 2547 erigebat:
946 2481 990 2550 qni
1011 2497 1044 2550 pe

135 2566 198 2603 eum
211 2549 312 2620 primas
324 2565 386 2618 spes
399 2547 500 2600 fortuna
518 2547 643 2615 destituit,
656 2548 742 2600 futura
760 2549 943 2618 praesentibus
956 2497 1044 2601 villen-

135 2629 178 2672 tur
190 2637 250 2672 esse
270 2619 376 2688 potiora.
413 2617 494 2685 igitur
512 2617 685 2685 conclamant,
705 2618 814 2670 duceret
831 2635 884 2686 quo
902 2617 1044 2671 videretur.

135 2691 226 2759 Atque
240 2689 285 2740 ille
298 2687 428 2742 utendum
439 2688 536 2740 animis
553 2686 615 2739 dum
635 2704 682 2756 spe
700 2687 816 2740 calerent
830 2697 907 2754 ratus,
921 2686 954 2738 ad
970 2687 1044 2739 Pelu-

134 2759 204 2812 sium
219 2759 327 2811 ostiurn⁴
357 2766 466 2826 enetrat,
480 2756 609 2810 simulans
620 2775 636 2808 a
649 2757 733 2810 Dareo
746 2774 774 2808 se
787 2773 847 2808 esse
860 2755 1042 2824 praemissum.

134 2827 238 2882 Potitus
256 2844 318 2896 ergo
337 2775 444 2894 letorii,
466 2827 619 2896 Memphim
639 2828 727 2892 copias
749 2825 892 2894 promovit:
915 2824 949 2878 ad
968 2825 1044 2895 cujus

134 2897 237 2950 sarnam
261 2896 394 2966 Aegyptii,
421 2915 489 2949 varra
512 2913 579 2964 gens
608 2906 634 2948 et
663 2895 791 2946 novandis
814 2911 896 2962 quarn
919 2897 1043 2963 gerendis

132 2968 221 3036 aptior
245 2967 331 3032 rebus,
352 2983 386 3020 ex
404 2967 459 3019 suis
477 2967 574 3037 quique
593 2965 659 3017 vicis
676 2963 846 3031 urbibusque,
866 2963 916 3016 hoc
937 2966 1043 3035 ipsum,⁵

162 3071 169 3092 ¹
181 3062 211 3112 ln
222 3063 263 3111 the
275 3077 345 3110 sense
356 3062 384 3110 ol
392 3065 503 3124 plurimo.

160 3123 229 3171 'See
241 3123 273 3170 iii.
286 3126 322 3170 28.

160 3187 170 3212 ³
181 3183 206 3230 A
216 3181 382 3232 considerable
395 3182 444 3241 city
455 3181 479 3227 in
491 3177 631 3232 Phoenicia,
645 3177 755 3224 between
767 3177 864 3226 Aradus
881 3179 927 3227 and
939 3179 1040 3240 Byblos.

130 3241 153 3289 lt
166 3242 279 3290 received
291 3241 322 3289 its
333 3256 403 3288 name
415 3241 475 3288 froin
486 3239 527 3286 the
539 3237 594 3292 sect,
606 3237 657 3284 that
667 3236 697 3283 its
708 3235 807 3297 original
819 3238 965 3286 inhabitants
977 3254 1039 3287 were

128 3301 249 3349 colonists
260 3300 320 3348 irum
332 3300 398 3348 three
408 3295 623 3352 towns-Aradus,
637 3295 712 3356 Tyre,
725 3297 771 3344 and
783 3296 864 3345 Sidon.

159 3361 234 3408 ‘The
251 3369 315 3408 most
330 3359 435 3418 easterly
446 3355 474 3405 os
486 3356 526 3403 the
542 3371 616 3404 seven
632 3355 728 3404 mouths
744 3355 772 3404 oi
784 3357 824 3404 the
838 3355 904 3412 Nile,
917 3371 948 3402 on
959 3355 1037 3404 which

128 3433 185 3467 now
198 3419 284 3467 stands
295 3419 337 3466 the
348 3419 397 3478 city
408 3415 436 3465 os
448 3415 576 3467 Drmierts.
1007 3471 1011 3480 ι

159 3477 265 3526 “'l'hat
280 3493 330 3526 was
346 3477 388 3525 the
405 3491 462 3536 very
473 3474 564 3536 thingr’
578 3473 683 3534 namely,
696 3474 761 3522 what
777 3473 899 3532 Amyntas
915 3470 961 3518 had
977 3469 1036 3518 sard.

126 3537 173 3608 Art
183 3536 303 3596 elliptical
313 3535 472 3597 parenthesis.
