2274 3844
142 235 201 292 2⁰4
410 247 449 286 urr
474 245 580 286 ossrrs
603 247 786 286 surranum.

142 359 246 414 infitiari
270 357 388 424 dixisset
411 373 480 424 quae
503 355 608 408 dixeris.
652 354 700 407 llle
723 355 866 422 exsanguis
889 354 1056 424 attonitoque

142 429 236 484 similis
247 426 341 496 stabat,
355 443 402 495 per
414 435 515 478 metum
534 425 614 476 etiam
633 441 697 476 voce
715 441 870 492 suppressa:
892 423 1057 492 tandemque

142 497 237 552 eodem
255 507 328 549 metu
349 494 509 564 stimulante,
526 511 560 546 ne
581 494 649 562 regis
667 494 880 562 expectationem
899 503 1055 563 moraretur,
1134 497 1135 524 ³

142 567 243 636 Magni,
257 567 348 636 inquit,
368 565 472 633 laboris,
485 581 535 616 non
556 564 625 632 irriti,
639 563 780 616 discrimen
800 564 897 614 instare
916 563 1054 631 praedixi:
1134 562 1135 594 i

142 653 191 690 nec
215 653 259 688 me
283 653 325 688 ers
347 651 409 688 mea
432 635 523 703 quam²
551 633 726 684 benivolentia
751 633 893 700 perturbat.
942 632 1055 684 Infirmi·

142 715 224 758 tatem
237 705 396 757 valetudinis
414 711 475 755 tuae
489 703 572 772 rideo,
586 711 613 754 et
632 702 805 770 quantumin
822 718 875 753 uno
894 711 920 754 te
938 703 972 754 sit
989 703 1055 754 scie.
1134 711 1135 714 ’

142 776 248 844 Vereor,
262 793 295 827 ne
307 773 439 843 praesenti
452 772 570 825 fortunae
583 783 644 824 tuae
657 772 779 824 sufficere
792 788 844 822 uon
857 772 962 839 possis?
998 773 1057 824 Rex

141 843 244 916 jussum
264 844 396 896 confidere
414 842 534 895 felicitati
554 859 618 894 suae
637 841 747 894 remisit.
783 840 835 892 Sibi
855 841 930 892 enim
949 840 983 892 ad
1004 841 1058 892 alia

141 915 253 984 gloriam
265 913 411 966 concedere
423 912 495 964 deos.
531 911 693 964 Consultanti
712 911 773 962 inde
791 927 852 961 ourn
872 911 977 978 iisdem,
991 927 1056 979 quc
1134 953 1135 956 ,

142 1001 204 1038 nam
232 984 310 1036 modo
339 983 438 1035 flumen
468 983 613 1051 transirent,
639 981 790 1049 supervenit
813 980 978 1048 Aristander,
1005 997 1057 1032 non

142 1053 209 1106 alias
232 1053 339 1106 laetiora
366 1061 428 1104 exta
450 1051 549 1103 vidisse
573 1067 601 1102 se
624 1050 767 1118 affirmans,
791 1049 884 1116 utique
914 1049 1057 1118 prioribus⁴
1134 1076 1135 1084 κ

142 1122 219 1192 longe
242 1124 362 1190 diversa,
393 1129 449 1174 tum
473 1121 656 1174 sollicitudinis
679 1135 774 1171 causas
795 1119 959 1188 apparuisse,
984 1136 1057 1171 nnnc
1134 1111 1135 1170 i

142 1209 247 1262 prorsus
259 1192 365 1260 egregie
378 1190 482 1243 litatum
495 1193 574 1242 esse.⁶

177 1267 218 1314 32.
237 1263 361 1314 Ceterum
381 1277 450 1338 quae
471 1261 582 1315 subinde
602 1260 721 1312 nuntiata
743 1265 803 1309 sunt
827 1259 888 1324 regi,
911 1259 1056 1310 continuae

141 1331 262 1384 felicitati
282 1345 368 1383 rerum
390 1347 448 1399 eJus
466 1332 644 1399 imposuerant
663 1328 772 1380 labem.⁸
806 1327 1014 1394 Menedemum,
1028 1337 1055 1380 ut
1134 1333 1135 1346 ¹

142 1401 333 1470 supradictum
353 1408 401 1466 est,
414 1400 520 1451 miserat
539 1400 574 1451 ad
591 1397 765 1452 absidendum
784 1397 976 1464 Spitameuem,
989 1397 1057 1449 Bac·

142 1471 243 1524 trianae
255 1469 413 1522 defectionis
424 1477 567 1522 auctorem.
578 1469 663 1536 ,Qui
677 1477 810 1536 comperto
824 1467 907 1517 hostis
925 1466 1054 1534 adventu,
1133 1519 1135 1542 ,

141 1555 175 1592 ne
192 1539 277 1592 muris
294 1538 367 1590 urbis
385 1537 571 1606 includeretur,
591 1538 668 1592 simul
688 1538 770 1590 fretus
786 1536 882 1603 excipi⁷
900 1551 987 1604 posse,
1000 1553 1056 1606 qua
1134 1559 1135 1572 π

141 1618 281 1661 venturum
306 1607 413 1676 sciebat,
435 1609 565 1660 consediti
582 1609 710 1660 occultos.
746 1605 871 1658 Silvestre
890 1606 941 1656 iter
961 1616 1054 1674 aptum
1134 1633 1135 1636 ¹

141 1678 244 1730 insidiis
272 1677 393 1745 tegendis
422 1685 493 1729 erat:
524 1679 560 1730 ibi
590 1677 679 1730 Dahas
708 1675 831 1727 condidit.
877 1673 948 1742 Equi
978 1675 1055 1728 binos

140 1756 256 1799 armatos
272 1746 380 1816 vehunt,
394 1763 504 1816 qnorum
523 1748 637 1800 invicem
656 1746 764 1813 singuli⁹
782 1753 888 1814 repente
907 1745 1053 1797 desiliunt:

141 1817 272 1884 equestris
289 1833 394 1886 pugnae
412 1816 530 1869 ordinem
550 1817 662 1870 turbant.
700 1817 835 1884 Equorum
854 1815 989 1866 velocitati
1007 1831 1055 1883 par
1134 1857 1135 1874 ,

140 1885 279 1939 hominum
305 1887 476 1956 pemioitas.¹⁰
519 1887 573 1939 Hos
599 1887 764 1956 Spitamenes
790 1885 886 1936 saltum
911 1885 1054 1937 circumire
1134 1877 1135 1912 ³

139 1955 226 2026 jussos
248 1956 346 2027 pariter
368 1967 395 2009 et
418 1974 435 2008 a
457 1955 590 2025 lateribus,
612 1964 638 2008 et
657 1973 673 2006 a
693 1955 783 2023 fronte,
804 1962 831 2006 et
850 1971 869 2004 a
888 1964 962 2021 tergo
984 1955 1053 2006 hosti
1134 2007 1135 2010 ,

140 2025 261 2079 ostendit.
297 2026 476 2080 Menedemus
494 2026 609 2094 undique
628 2025 753 2092 inclusus,
767 2041 800 2076 ne
818 2041 931 2076 numero
943 2023 1052 2092 quidem
1134 2061 1135 2068 ,

140 2111 194 2164 par,
207 2096 253 2148 diu
266 2104 355 2148 tamen
373 2097 477 2165 resistit,
491 2095 636 2163 clamitans,
650 2094 714 2146 nibil
732 2093 805 2146 aliud
824 2110 966 2162 superesse
986 2093 1052 2144 loco-

140 2181 198 2218 rum
210 2165 304 2218 fraude
316 2165 442 2235 deceptis,
455 2183 536 2234 quam
548 2165 673 2216 honestae
691 2167 781 2215 mortis
799 2163 922 2214 solatium
942 2179 976 2214 ex
995 2163 1053 2214 hos-

139 2233 206 2286 tium
225 2236 317 2286 caede.
353 2236 443 2303 Ipsum
461 2235 617 2304 praevalens
634 2249 719 2302 equus
737 2231 858 2300 vehebat,
872 2249 925 2300 quo
944 2233 1053 2302 saepius
1134 2281 1135 2304 ,

139 2303 165 2354 in
179 2319 277 2355 cuneos
288 2302 457 2356 barbarorum
476 2303 570 2356 effusis
581 2303 692 2356 habenis
701 2303 830 2354 evectus¹¹
845 2319 944 2367 magna
964 2312 1054 2370 strage

139 2388 186 2424 eos
198 2372 310 2425 fuderat.
347 2372 397 2424 Sed
410 2389 472 2424 cum
485 2390 567 2424 unum
580 2389 673 2424 ornnes
690 2380 815 2442 peterent,
829 2371 922 2424 multis
934 2372 1050 2426 vulneri·

139 2439 189 2494 bus
201 2441 343 2510 exsanguis
354 2442 502 2510 Hypsidem
514 2442 647 2510 quendam
660 2459 694 2495 ex
710 2440 804 2494 amicis
821 2440 942 2492 hortatus
960 2451 1009 2510 est,
1022 2451 1050 2494 ut
1134 2483 1135 2514 ,

168 2555 174 2577 ¹
187 2549 280 2656 Supply
291 2559 320 2598 te.
352 2549 399 2597 See
413 2549 491 2598 Grom.
505 2549 581 2600 b385.

165 2609 206 2656 Τ
208 2625 223 2656 ιι
235 2609 267 2668 ly,
280 2619 422 2678 accinctam
432 2627 471 2657 ors
482 2627 531 2657 mea
541 2627 617 2670 qnam.
649 2609 695 2658 See
708 2609 804 2668 Zumpt,
818 2608 831 2659 b
842 2611 894 2658 725.

166 2673 175 2696 ³
185 2667 276 2716 Nerion
287 2668 424 2728 equivalent
433 2677 457 2715 to
465 2677 499 2724 nt,
511 2669 576 2716 since
585 2669 652 2716 there
662 2669 682 2717 is
691 2668 787 2728 implied
797 2677 848 2730 opto
857 2677 882 2716 nt
888 2671 977 2731 possis.
1003 2669 1049 2718 See

139 2728 220 2776 Grom.
232 2728 245 2780 h
257 2731 308 2783 352,
321 2737 377 2775 note
389 2732 411 2784 2,
424 2729 506 2788 adflat.

166 2793 174 2815 ⁴
187 2788 222 2836 Or
232 2807 246 2836 a
256 2789 381 2850 prioribus.
413 2787 459 2834 See
474 2786 552 2834 Grom.
565 2787 578 2838 t
590 2791 647 2844 3023
665 2787 711 2834 and
723 2786 820 2846 Zumpt,
834 2785 908 2838 §468

85 2897 86 2900 ,
167 2847 268 2895 ¹Litore
283 2846 353 2895 itsels
364 2846 473 2894 contains
484 2846 525 2893 the
537 2846 591 2894 idea
606 2846 633 2894 os
645 2845 778 2894 successful
788 2861 815 2894 or
825 2847 959 2906 propitious
975 2847 1048 2896 seori-
1134 2849 1135 2854 ’

136 2904 218 3011 frqiqg,
231 2922 293 2954 even
304 2906 406 2954 without
417 2906 458 2954 the
471 2907 569 2968 egregie.

208 2981 221 3023 q

224 2965 329 3012 uivalent
341 2975 366 3014 to
376 2967 488 3014 moaulom
498 2967 671 3027 adspersaront,
683 2963 743 3012 ‘had
752 2963 864 3023 blotted,’
878 2965 942 3015 ‘had
953 2967 1050 3016 threnn
1134 3031 1135 3042 ,

136 3038 151 3070 a
160 3022 231 3070 cloud
242 3024 316 3072 over!

165 3086 173 3110 ¹
185 3082 278 3141 Supply
289 3099 346 3130 enm.

165 3145 174 3169 ¹
187 3146 192 3166 ⁴
202 3140 328 3190 Stationed
336 3141 436 3191 himself
440 3143 456 3200 ;’
467 3157 501 3200 or,
511 3141 576 3190 since
584 3157 614 3191 an
622 3142 724 3190 ambush
734 3144 852 3199 (insidiae)
861 3144 882 3192 is
891 3153 982 3199 meant,
996 3143 1049 3203 ‘lay
1134 3157 1135 3186 r

219 3200 224 3222 l

136 3198 350 3317 do’W‘rhlternately
361 3259 402 3306 the
413 3275 458 3308 one
470 3260 516 3310 and
527 3259 568 3308 the
580 3258 666 3308 other!

157 3322 174 3345 ¹⁰
184 3317 265 3365 There
277 3332 316 3364 are
328 3318 395 3365 three
407 3320 485 3367 words
497 3320 576 3367 which
589 3320 650 3368 have
666 3321 708 3368 the
721 3319 881 3382 signification
896 3320 925 3368 of
939 3320 1047 3381 ‘quiclrd

136 3378 203 3480 celqri,
215 3379 288 3482 neqqx,
301 3375 597 3485 qqqepqrpfiqhefqifrqlpqse,
605 3383 690 3440 pernis
698 3381 772 3428 refers
782 3379 923 3475 principally
931 3390 957 3430 to
967 3380 1049 3442 bodily

136 3447 175 3518 nii
184 3449 255 3540 Vdith
266 3450 307 3541 thii
318 3491 381 3541 force
393 3491 421 3540 of
432 3495 546 3551 insutas,
562 3473 679 3558 ²rushing
690 3498 801 3559 against’
825 3528 826 3531 =
