2274 3844
508 255 600 295 maxa
620 255 660 294 vr.
983 199 1035 298 lat

126 363 232 417 femina
256 362 302 415 illa
323 363 545 416 murmurantium
569 364 636 416 inter
660 379 689 414 se
713 363 817 418 silentio
840 363 943 434 verius,
975 381 1039 419 uam

127 450 200 503 sono,
214 434 382 485 excitaretur.
419 433 544 486 Ludibrio
560 434 585 484 ei
599 432 681 484 luisse
694 435 802 485 rusticos
814 433 944 504 homiues,
956 381 1039 504 Hhry·

126 519 228 572 gasque
253 510 281 554 et
305 502 498 572 Paphlagonas¹
521 502 681 572 appellatos:
711 504 756 572 qui
786 519 836 556 non
860 504 1037 576 erubesceret,

126 572 245 625 Macedo
257 579 342 639 natus,
357 573 478 625 homines
489 571 597 639 linguae
615 589 679 624 suae
698 589 744 642 par
756 573 924 643 interpretem
937 573 1038 626 audire.

126 643 209 695 Nunc
220 659 268 694 cur
280 641 458 697 Hammonem
470 641 572 694 consuli
585 641 686 694 velletl
704 643 820 695 eundem
836 643 909 696 Jovis
920 646 1038 711 arguisse

127 711 310 780 mendacium,
325 711 505 764 Alexandrum
518 712 601 765 filium
614 714 789 780 agnoscentis,
803 713 903 764 scilicet
915 719 1037 780 veritum,

126 799 161 834 ne
180 781 344 833 invidiosum
361 789 440 850 esset,
460 781 529 850 quod
548 780 585 834 dii
603 781 750 833 offerrent.²
784 783 853 834 Cum
871 781 1039 834 insidiaretur

127 851 211 921 capiti
230 850 303 918 regis
320 860 348 902 et
365 851 454 919 amici,
467 867 519 902 non
537 851 699 903 consuluisse
712 867 773 903 eum
787 852 896 904 Jovern:
916 869 987 903 nunc
1004 852 1038 904 ad

127 913 267 973 oraculum
284 921 399 988 mittere,
412 920 477 973 dunt
495 928 570 990 pater
584 918 642 990 ejus
660 921 819 990 sollicitetur,
833 921 878 990 qui
896 922 993 990 praesit
1011 921 1040 974 in

126 989 233 1060 Media,
255 997 282 1042 et
305 989 428 1060 pecunia,
450 989 525 1059 cujus
548 989 668 1042 custodia
691 991 834 1043 commissa
858 990 899 1070 sit,
924 991 1041 1059 perditos

127 1059 253 1112 homines
263 1058 299 1112 ad
311 1059 467 1112 societatem
480 1059 589 1112 sceleris
604 1059 733 1128 impellat.
769 1061 780 1112 l
801 1075 843 1112 sos
860 1075 988 1112 missuros
1005 1059 1039 1112 ad

127 1128 277 1198 oraculum,
296 1145 349 1180 non
366 1129 411 1198 qui
430 1129 523 1182 lovem
543 1129 709 1199 interrogent,
724 1077 799 1199 quod)
812 1145 845 1182 err
863 1145 925 1198 rege
944 1145 1040 1198 cogno·

126 1199 224 1266 verint,
238 1198 285 1250 sed
297 1198 343 1267 qni
354 1199 452 1266 gratias
469 1205 557 1268 agant,
570 1197 615 1268 qui
628 1208 689 1250 vota
707 1215 753 1269 pro
770 1199 951 1252 incolumitate
971 1200 1041 1268 regis

126 1267 223 1339 optimi
240 1267 400 1337 persolvant.
436 1269 505 1320 Tum
518 1283 581 1320 vero
593 1268 715 1321 universa
727 1270 813 1322 contio
825 1285 938 1322 accensa
951 1277 999 1338 est,
1013 1277 1040 1320 et

126 1353 144 1390 a
164 1336 283 1408 corporis
306 1337 460 1390 custodibus
483 1337 587 1390 initium
611 1339 719 1406 sactum,
739 1338 924 1406 clamantibus,
943 1338 1040 1390 discer-

163 1406 247 1459 ndum
261 1421 321 1458 esse
339 1406 497 1476 parricidam
516 1407 638 1459 manibus
655 1409 766 1460 eorum.³
802 1408 831 1461 ld
850 1408 959 1476 quidem
980 1407 1040 1460 Phi·

126 1423 204 1544 ibetas,
213 1476 258 1545 qui
270 1477 390 1544 graviora
402 1476 532 1546 supplicia
543 1485 681 1547 metueret,
695 1477 767 1530 haud
779 1495 844 1531 sane
853 1477 943 1547 iniquo
951 1479 1040 1530 animo

125 1545 265 1599 audiebat.

163 1620 206 1668 ta.
225 1616 283 1668 Rex
300 1615 326 1667 in
344 1617 494 1668 contionem
513 1631 642 1685 reversus,
656 1617 712 1669 sire
725 1625 753 1670 ut
766 1617 792 1668 in
804 1616 924 1670 custodia
935 1633 1041 1687 quoque

127 1687 282 1754 torqueret,⁴
300 1685 356 1737 sive
374 1694 402 1737 ut
420 1685 573 1753 diligentius
590 1695 686 1739 cuncta
704 1694 881 1756 cognosceret,
897 1687 1041 1740 concilium

126 1757 155 1808 in
178 1763 315 1824 posterum
336 1754 408 1808 diem
429 1755 548 1808 distulit:
570 1765 595 1807 et
616 1771 778 1834 quamquam
799 1756 825 1809 in
843 1773 984 1826 vesperam
1004 1756 1040 1808 in·

126 1824 246 1878 clinabat
258 1823 323 1893 dies,
339 1833 426 1879 tamen
439 1825 540 1877 amicus
552 1825 690 1878 convocari
707 1825 791 1894 Jubet.
831 1826 862 1878 Et
874 1825 971 1878 ceteris
981 1825 1039 1894 qui·

125 1894 191 1947 dem
217 1893 349 1962 placebat,
371 1895 550 1947 Macedonum
572 1911 644 1946 more
665 1894 739 1947 obrui
763 1895 840 1963 saxis,
860 1895 1039 1963 Hephaestion

29 1953 33 1964 ¹
121 1972 219 2016 autem
245 1972 271 2016 et
295 1964 417 2016 Craterus
444 1972 471 2016 et
500 1965 604 2016 Coenus
632 1964 769 2016 tormentis
792 1963 932 2016 veritatem
955 1967 1040 2032 expri-

125 2032 256 2086 mendam
275 2036 336 2085 'esse
354 2033 484 2102 dixerunt,
504 2042 530 2086 et
551 2033 589 2086 illi
608 2051 720 2102 quoque,
739 2033 784 2102 qui
804 2032 875 2085 aliud
896 2043 1039 2102 suaserant,

127 2105 154 2156 in
185 2103 281 2155 horum
310 2105 471 2157 sententiam
501 2112 645 2155 transeunt.
690 2103 803 2155 Consilio
832 2118 893 2170 ergo
922 2102 1038 2172 dimisso,

125 2172 308 2241 Hephaestion
322 2189 385 2226 cum
397 2175 503 2226 Cratero
514 2182 540 2225 et
553 2174 640 2226 Coeno
652 2172 685 2225 ad
696 2173 878 2242 quaestionem
891 2172 925 2224 de
939 2171 1041 2225 Philota

126 2242 284 2296 habendam
305 2253 474 2312 consurgunt.
511 2243 567 2295 Rex
590 2252 690 2297 cratero
711 2242 846 2310 accersito,
867 2251 895 2294 et
919 2259 1040 2295 sermone

127 2312 228 2380 habito,
248 2311 324 2380 cujus
344 2315 461 2365 summa⁵
481 2329 531 2364 non
553 2312 625 2364 edita
645 2323 693 2382 est,
713 2312 740 2365 in
764 2312 886 2364 intimam
906 2311 1039 2365 diversorii

126 2390 232 2452 partem
246 2382 365 2448 secessit,
378 2391 405 2434 et
417 2384 524 2435 remotis
535 2383 637 2436 arbitris
655 2383 681 2435 in
698 2384 809 2435 multam
829 2391 934 2435 noctem
946 2399 1040 2452 quaes·

126 2451 207 2503 tionis
220 2453 372 2519 expectavit
384 2462 519 2505 eventum.
556 2453 677 2506 Tortores
690 2453 902 2522 inconspectum
920 2451 1039 2505 Philotae

126 2521 219 2574 omnia
228 2521 391 2574 crudelitatis
403 2522 577 2574 instrumenta
589 2532 743 2603 proponunt.
780 2523 813 2574 Et
825 2521 870 2574 ille
883 2521 956 2591 ultro,
970 2521 1039 2580 Quid

126 2591 249 2660 cessatis,
269 2591 359 2660 inquit,
380 2592 449 2660 regis
469 2592 614 2661 inimicum,
634 2591 848 2659 interfectorem,⁰
867 2589 1038 2644 confitentem

126 2660 272 2714 occideret
298 2662 362 2729 quid
380 2662 534 2730 quaestione
552 2679 618 2731 opus
638 2663 698 2715 esti
723 2661 844 2730 cogitavi,
863 2659 942 2712 volui.
978 2661 1038 2712 Cra-

126 2740 202 2783 terus
226 2731 342 2798 exigere,
367 2741 403 2798 ut,
427 2749 496 2800 quae
520 2733 695 2801 confiteretur,
720 2732 745 2783 in
775 2729 911 2782 tormentis
933 2745 1038 2798 quoque

125 2801 238 2853 diceret.
276 2801 346 2853 Dum
363 2801 508 2870 corripitur,
528 2801 592 2854 dum
611 2801 759 2869 obligantur
774 2798 852 2865 oculi,
871 2797 935 2849 dum
955 2799 1038 2850 vestis

156 2917 240 2965 ¹Both
256 2917 284 2966 of
299 2917 367 2966 these
385 2919 478 2966 natione
494 2933 558 2966 were
575 2919 697 2966 notorious
715 2930 803 2975 among
820 2915 860 2962 the
876 2916 984 2964 ancients
1002 2914 1038 2963 for

125 2978 248 3026 slowness
259 2976 286 3023 of
298 2977 413 3024 intellect.
446 2977 585 3038 Rogarding
600 2977 641 3024 the
659 2975 803 3034 Phrygians,
817 2972 857 3022 the
874 2977 974 3034 proverb
987 2992 1037 3024 was

125 3047 239 3085 current:
259 3036 316 3083 Sero
326 3038 424 3098 sapiunt
434 3036 549 3098 Phryges.

153 3101 165 3125 ²
175 3095 293 3143 Ironical:
309 3095 359 3144 ‘for
367 3095 396 3142 he
406 3095 494 3151 ieared,
506 3111 536 3142 no
545 3095 629 3150 doubt,
641 3093 686 3140 lest
697 3092 739 3139 the
750 3092 820 3151 god’s
830 3093 974 3142 declaration
986 3094 1037 3142 that

126 3155 271 3224 Alexander
282 3169 333 3235 opas
348 3154 386 3202 his
397 3171 449 3212 son,
463 3155 535 3214 being
545 3153 605 3201 auch
616 3168 647 3200 cn
657 3151 836 3213 extraordinary
845 3153 945 3208 honour,
959 3154 1036 3214 might

124 3225 372 3336 exfipiaiHHH⁷wonld
389 3272 450 3320 have
466 3273 529 3320 been
544 3285 609 3318 more
626 3269 713 3331 rigidly
723 3281 841 3320 accurate.
874 3272 921 3320 See
938 3271 1035 3333 Zumpt,

125 3334 138 3384 ᾖ
151 3337 247 3481 5:5lHore
259 3390 404 3471 accurately,
417 3391 467 3438 aive
476 3398 503 3438 ut
514 3397 630 3450 torqueret
641 3405 730 3452 quoque
741 3393 767 3439 in
777 3393 890 3441 custodia.

154 3451 407 3570 ‘EHHsrhagtberically
416 3508 526 3558 omitted.
557 3508 605 3556 See
617 3509 715 3570 Zumpt,
726 3509 740 3561 i
750 3513 803 3558 783.
