2294 3842
136 205 194 262 258
403 218 444 260 nr
467 218 576 260 orsus
597 217 780 260 euxinum.

137 332 231 401 fecero,
244 329 398 400 viderisque
409 345 455 382 me
474 328 502 382 iu
521 327 612 381 medio
623 326 717 380 ardore
733 325 896 395 certaminiq
910 327 969 396 ipse
981 327 1045 382 dax-

135 411 206 454 tmm
229 401 327 468 move‚¹
351 409 377 451 et
398 398 511 452 turbetis
530 397 607 466 signa
626 397 702 450 infer.
739 398 779 450 Tu
804 396 952 465 Antigene²
968 408 997 451 et
1016 409 1046 452 ta

135 472 277 540 Leonnate,
296 477 323 521 st
341 469 454 536 Tauron,
475 466 642 521 invehemini
660 467 688 519 in
705 467 827 520 mediam
844 467 944 536 aciem,
957 477 985 521 et
1004 487 1045 522 nr·

134 540 231 610 gebitis
249 538 372 592 frontem.
409 537 508 590 Hastae
526 545 630 590 nostrae
649 536 808 607 praelongae
827 546 853 588 et
867 537 975 590 validae
994 557 1045 592 uon

133 610 200 664 aliea
218 609 303 676 magis
320 623 401 677 quam
418 606 548 660 adversus
565 605 659 659 beluas
677 615 845 675 rectoresque
863 623 959 660 earum
984 610 1045 662 naui

133 695 193 733 esse
204 685 326 748 poterunt
337 695 343 731 z
355 677 494 730 deturbate
506 691 560 744 eos,
569 675 616 745 qui
627 675 767 746 vehuntur,
777 686 804 728 ct
816 676 888 744 ipsas
899 677 1044 732 confodite.

136 749 241 818 Anceps
258 763 343 816 genus
359 746 449 799 auxilii
468 753 516 816 est,
530 754 557 798 et
569 745 595 798 in
607 762 671 799 suos
681 746 770 798 acrius
781 744 852 799 furit.
888 747 918 800 ln
939 745 1045 802 hostem

132 819 203 872 eninr
217 819 336 887 imperio,
351 817 376 868 in
389 832 450 868 suos
467 831 564 885 pavore
575 815 670 883 agitur.
704 815 779 868 llaec
796 813 918 870 elocutus
928 817 1046 870 concitet

132 904 231 958 equum
250 887 366 957 primns;
389 885 506 955 jamque,
527 893 556 938 ut
579 885 743 938 destinatum
766 893 828 952 erat,
849 885 987 938 invaserat
1007 904 1046 940 er-

131 957 209 1010 dines
231 956 355 1024 hostium‚
379 970 442 1008 cum
465 955 570 1008 Coenus
593 954 695 1022 ingenti
718 954 745 1007 vi
769 954 794 1006 iu
818 953 941 1008 laevum³
962 973 1046 1010 cornu

131 1025 271 1079 invehitur.
308 1025 428 1079 Phalanx
450 1039 556 1094 quoque
579 1023 700 1078 mediam
729 1023 853 1078 Indomm
876 1026 968 1078 aciem
992 1043 1046 1079 uno

131 1097 233 1166 impetu
246 1097 369 1165 perrupit.

165 1170 208 1218 te.
227 1168 263 1218 At
287 1165 377 1234 Porus,
403 1180 455 1234 que
478 1163 598 1231 equitem
618 1163 710 1216 invehi
733 1172 860 1231 senserat,
879 1162 977 1216 beluas
1000 1167 1047 1234 agi

128 1233 220 1306 jussit:
240 1234 287 1288 sed
305 1235 411 1288 tardum
428 1240 455 1284 et
473 1248 558 1300 paene
571 1233 707 1287 immobile
719 1232 819 1286 animal
831 1248 962 1301 equorum
975 1235 1046 1287 velo·

131 1305 240 1358 citatem
256 1320 372 1384 aequare
390 1319 440 1356 nou
459 1310 569 1370 poterat.
606 1303 648 1356 Ne
668 1303 824 1374 sagittarum
844 1302 957 1371 quidem
974 1304 1052 1358 ullus

130 1383 187 1427 erat
204 1373 323 1427 barbana
339 1389 411 1425 usus.
447 1371 553 1442 Quippe
571 1371 663 1440 longas
679 1383 706 1426 et
718 1387 885 1442 praegraves,
900 1372 953 1426 nisi
971 1376 1048 1442 prius

130 1445 156 1496 in
174 1451 244 1495 terre
256 1449 401 1495 statuerent
418 1456 518 1511 arcum,
532 1440 605 1496 haud
623 1442 688 1494 satis
704 1451 766 1511 apte
784 1451 811 1494 et
829 1442 974 1496 commode
993 1444 1045 1497 im-

129 1520 244 1582 ponunt:
264 1521 321 1564 tum
339 1509 421 1563 humo
439 1509 550 1576 lubrica,
569 1519 596 1564 et
613 1509 648 1564 ob
666 1511 694 1564 id
713 1511 877 1581 impediente
896 1516 1047 1582 conatum,⁴

129 1581 270 1634 molientes
282 1581 359 1648 ictus,
372 1579 508 1632 celeritate
526 1579 644 1632 hostium
661 1589 831 1651 occupentur.
868 1581 939 1650 Ergo
953 1593 1044 1652 spreto

130 1649 200 1718 regis
212 1649 321 1720 imperio
334 1647 416 1722 (quod
428 1649 484 1702 iere
502 1649 540 1716 lit,
552 1649 598 1702 ubi
617 1649 730 1704 turbatis
746 1652 834 1704 acrius
851 1660 943 1704 metus
961 1669 1046 1722 quam

128 1719 184 1772 dux
203 1719 334 1788 imperare
351 1719 457 1789 coepit),
478 1718 589 1771 totidem
612 1729 688 1772 orant
706 1720 742 1773 im
781 1729 886 1788 ratores,
908 1729 976 1790 quot
994 1739 1044 1790 *ag-

128 1789 202 1844 mina
225 1787 356 1842 errabant.
393 1788 470 1841 Alius
491 1788 716 1858 jungere'aciem‚
735 1789 804 1844 aius
820 1788 954 1859 dividere,
973 1801 1045 1846 stare

128 1857 247 1928 quidam,
272 1867 299 1910 et
321 1857 440 1911 nonnulli
463 1857 628 1912 circumvehi
651 1867 726 1926 terga
754 1857 872 1912 hostium
901 1859 1043 1929 jubebant.

128 1928 203 1983 Nihil
227 1927 254 1981 in
274 1927 395 1983 medium
415 1926 609 1980 consulebatur.
646 1927 729 1980 Porus
745 1935 836 1982 tamen
854 1945 919 1984 cum
937 1933 1043 2000 pauciq

128 1997 225 2068 quibus
242 2007 316 2051 metu
334 1998 418 2066 potior
436 1996 521 2049 lueret
539 1996 628 2066 pudor,
647 1995 772 2066 colligere
791 1997 932 2068 dispersos,
945 1999 1044 2054 obvius

128 2066 199 2121 hosti
217 2067 256 2120 ira
310 2067 366 2136 rgit,
379 2065 586 2144 elephantosque
598 2074 661 2118 aute
672 2083 769 2134 agmen
781 2083 888 2122 suorum
900 2068 947 2136 egi
957 2069 1042 2138 jubet.

128 2135 258 2204 Magnum
273 2083 374 2189 heduae
395 2136 512 2205 injecere
532 2144 664 2206 terrorem,
682 2135 855 2206 insolitusque
875 2137 974 2192 stridor
994 2155 1043 2192 non

127 2221 211 2274 equos
239 2204 325 2275 mode,
344 2213 401 2258 tam
430 2205 555 2275 pavidum
584 2205 620 2258 ad
648 2205 740 2258 omnia
767 2205 875 2274 animal,
896 2207 946 2260 sed
973 2208 1044 2261 viros

126 2289 232 2342 quoque
245 2274 403 2343 ordinesque
416 2274 574 2328 turbaverat.
610 2275 672 2329 Jam
690 2274 770 2344 fugae
789 2276 1042 2346 circumspiciebant

127 2342 216 2396 locum
239 2343 317 2412 paulo
345 2351 408 2396 ante
436 2344 566 2412 victores3
595 2361 658 2398 cum
681 2345 833 2398 Alexander
854 2347 989 2414 Agrianos
1017 2362 1042 2400 et

126 2410 245 2464 Thracas
256 2411 351 2464 leviter
361 2420 484 2482 annates,
497 2413 635 2467 meliorem
650 2416 858 2468 concursationel
870 2431 952 2484 quam
972 2433 1043 2470 com-

126 2481 216 2534 minus
226 2479 346 2550 militem,
359 2481 448 2534 emisit
466 2482 497 2553 in,
510 2481 613 2536 beluas.
649 2483 789 2552 lugentem
807 2483 835 2537 hi
852 2485 908 2538 vim
927 2486 1041 2540 telomm

126 2549 244 2620 injecere
264 2558 291 2603 et
310 2549 459 2620 elephantis
480 2560 508 2604 et
532 2552 684 2620 regentibus
703 2569 758 2606 eos.
794 2553 914 2606 Phalanx
934 2571 1041 2625 quoque

126 2620 223 2674 instare
242 2627 392 2674 constanter
412 2620 507 2674 territis
526 2621 621 2692 coepit.
658 2622 710 2675 Sed
729 2621 838 2692 quidam
855 2623 964 2678 avidius
983 2641 1041 2694 per-

126 2691 209 2744 secuti
233 2689 327 2744 beluas
350 2689 377 2743 in
399 2699 486 2744 semet
509 2691 643 2744 inritavere
663 2691 826 2746 vulneribus.
861 2691 957 2746 Obtriti
978 2709 1040 2762 ergo

124 2759 239 2831 pedibus
256 2777 348 2815 aarum
365 2759 468 2830 ceteris,
481 2771 510 2814 ut
527 2761 631 2830 parcius
648 2761 783 2831 instarent,
802 2760 877 2815 fuere
895 2761 1041 2816 documen·

154 2907 235 2955 “Pet
247 2907 287 2954 the
298 2907 361 2969 right
370 2908 437 2970 wing
447 2907 475 2956 ol
481 2908 522 2956 the
533 2923 620 2969 enemy
628 2909 652 2956 in
661 2909 754 2958 motion
762 2911 778 2968 ;'
791 2909 843 2958 thet
854 2910 884 2967 is,
898 2911 998 2961 ‘attach
1009 2912 1036 2968 it,

125 2965 172 3014 and
182 2966 246 3014 force
258 2967 276 3014 it
286 2976 312 3016 to
322 2967 411 3016 retire’

152 3040 208 3087 2As
220 3051 245 3088 to
255 3039 304 3088 this
314 3041 434 3097 vocative,
447 3055 488 3088 seo
502 3039 581 3088 Grom.
593 3040 607 3092 i
618 3045 655 3098 70,
669 3044 691 3090 3.

153 3109 307 3172 ”According
317 3121 343 3160 to
353 3112 420 3160 what
431 3111 475 3160 has
486 3127 548 3173 gone
559 3111 650 3169 before,
663 3112 682 3161 it
692 3113 780 3163 should
790 3115 821 3163 be
831 3117 949 3165 deutrum.

152 3183 242 3232 “'l'he
253 3185 328 3232 strein
335 3185 352 3242 3’
365 3185 472 3246 namely‚
485 3185 510 3234 in
520 3184 628 3246 drawing
637 3185 680 3234 the
690 3187 754 3236 bow.

153 3255 326 3304 ‘conuersatio
341 3257 362 3304 is
373 3257 444 3304 when
460 3266 510 3304 two
525 3257 613 3316 parties
629 3259 687 3308 rush
702 3255 819 3321 inrihuely
844 3283 845 3286 ¹
862 3262 926 3310 ainst
937 3278 984 3312 oue
994 3277 1033 3312 an·

121 3313 206 3371 other;
219 3316 262 3364 but
272 3313 290 3361 it
300 3311 409 3382 includes
420 3315 472 3385 else
482 3331 497 3363 a
507 3316 658 3366 tumultuous
668 3318 727 3368 rnsh
738 3319 815 3378 bach3
827 3276 940 3372 hirenes
950 3339 966 3372 a
975 3319 1033 3384 light

122 3369 302 3420 hand-to-hend
313 3387 333 3420 rs
345 3388 357 3420 a
368 3375 460 3421 stabulo
468 3390 558 3436 pugno.
