2294 3842
112 223 171 280 Μ
380 236 419 276 us
441 235 548 276 essars
569 233 754 274 susxsrruar.

113 347 182 418 tatia
200 347 246 416 qui
266 343 346 400 simul
366 359 427 398 esse
444 341 586 412 debebant,
604 339 746 396 claudaet
766 341 896 396 inhabilia
917 343 1025 412 navigia

114 417 237 484 languide
254 413 445 468 moliebantur:
464 412 534 465 aliae
552 413 659 464 navium
678 412 826 466 inconsulte
845 421 954 464 ruentes
974 429 1026 467 noa

114 486 291 555 receperaut5¹
309 485 458 554 pariterque
476 491 502 534 et
522 480 664 536 multitudo
682 490 709 534 et
728 481 849 550 paucitas
867 481 1026 536 festinantes

113 556 271 610 morabatur.
315 553 421 606 Clamor
443 551 506 604 hino
534 567 567 604 ex
604 559 683 618 ctare,
710 550 774 603 hino
802 551 840 602 ire
869 550 1024 620 jubentium

113 625 288 694 dissonaeque
300 639 380 676 voees
396 621 531 689 uunquam
551 621 560 672 i
580 637 624 672 eru
642 633 723 689 atque
742 635 826 672 uuum
846 621 1027 674 tendentium⁸

113 711 165 748 non
184 694 319 746 oculorum
343 692 422 745 modo
445 707 532 758 usum,
550 690 597 742 sed
618 690 699 742 etiam
724 690 828 742 aurium
848 690 1025 744 abstulerant.

113 765 156 817 Ne
176 764 201 815 in
221 761 440 831 gubernatoribus
456 759 566 829 quidem
583 760 727 828 quicquam
748 759 807 828 opis
824 769 889 828 erat,
910 775 1024 828 quorum

114 849 164 885 uec
187 833 304 885 exaudiri
324 847 377 884 vox
397 846 415 882 a
435 828 656 882 tumultuantibus
678 838 785 897 poterat,
806 845 858 880 uec
882 829 1026 900 imperium

113 918 130 953 a
143 902 238 954 territis
250 899 481 970 incompositisque
493 898 600 951 servari.
627 897 696 965 Ergo
708 896 798 950 collidi
809 898 879 951 iuter
890 915 921 950 se
933 915 1024 968 naves,

114 971 312 1040 abstergerique
330 971 444 1022 invicem
464 967 550 1034 remi,³
567 975 594 1020 et
611 966 658 1018 alii
675 966 787 1020 aliorum
804 967 913 1036 navigia
930 985 1026 1038 urgere

114 1049 266 1111 coeperunt.
302 1039 429 1093 Crederes
445 1053 497 1090 nou
515 1038 594 1090 unius
610 1037 741 1089 exercitus
758 1035 874 1090 classem
887 1037 957 1104 vehi,
977 1038 1026 1091 sed

115 1109 227 1164 duorum
255 1108 350 1162 navale
378 1108 459 1160 inisse
481 1114 629 1161 certamen.
669 1105 869 1159 Incutiebantur
892 1107 1027 1177 puppibus

134 1196 222 1247 rarae,
247 1177 434 1248 premebantur
455 1193 473 1228 a
495 1175 674 1245 mquentibus,
693 1175 738 1244 qui
756 1175 949 1228 antecedentes
971 1185 1026 1230 tur-

115 1196 259 1316 batorem
276 1247 437 1317 jurgantium
449 1245 487 1298 ira
499 1245 669 1316 perveniebat
681 1245 762 1298 etiarn
774 1245 809 1297 ad
821 1262 925 1298 manus.

151 1323 192 1372 ³6.
211 1319 324 1387 Jamque
342 1326 433 1368 aestus
444 1324 512 1368 totos
523 1315 592 1368 circa
604 1315 703 1368 flumen
716 1331 825 1384 campos
839 1315 1024 1384 inundaverat,

116 1386 226 1442 tumulis
237 1387 375 1440 dumtaxat
386 1385 573 1454 eminentibus,
586 1384 659 1438 velut
679 1383 771 1437 insulis
790 1385 893 1454 parvis,
913 1387 939 1436 in
958 1401 1026 1454 quos

116 1456 234 1536 plerique
247 1454 349 1534 trepidi,
362 1453 468 1508 omissis
484 1455 604 1525 navigiis,
617 1471 697 1506 enare
716 1462 862 1525 properant.
899 1455 1026 1523 Dispersa

117 1526 210 1579 classis
232 1534 327 1594 partim
356 1523 383 1576 in
411 1523 530 1593 praealta
558 1541 627 1593 aqua
650 1523 744 1593 stabat,
768 1541 820 1594 qua
841 1524 1025 1578 subsederant

116 1594 227 1663 valles5⁴
244 1595 337 1664 partim
353 1593 379 1645 in
392 1592 460 1646 rado
479 1592 613 1662 haerebat,
626 1599 761 1662 utcunque
774 1594 918 1662 inaequale
940 1602 1026 1647 terrae

116 1663 251 1731 fastigium
263 1671 457 1742 occupaverant
474 1662 577 1716 undae:
596 1679 658 1716 curu
671 1662 757 1716 subito
770 1679 853 1716 novus
870 1672 898 1715 et
915 1665 1025 1734 pristino

116 1732 200 1802 major
223 1741 304 1786 terror
326 1731 458 1785 mentitur.
502 1732 677 1802 Reciprocari⁶
700 1733 788 1802 coepit
816 1749 899 1802 mare,
928 1751 1025 1802 magno

117 1812 202 1856 tractu
224 1803 302 1872 aquis
324 1801 349 1854 in
381 1818 458 1856 suurn
488 1800 586 1856 fretum
618 1802 817 1871 recurrentibus,
842 1799 1051 1873 reddebatque

17 1893 20 1902 ·
117 1882 201 1925 terras
222 1872 301 1943 paulo
323 1871 536 1952 anteprofundo
559 1869 615 1922 salo
638 1888 748 1924 mersas.
784 1871 795 1924 1
817 1870 871 1924 'tur'
888 1873 1027 1926 destituta⁶

117 1943 222 2011 navigia
239 1942 290 1996 alia
307 1943 515 2012 praecipitantur
531 1941 558 1994 in
576 1957 673 2020 proras,
686 1939 739 1993 alia
756 1941 783 1993 iu
810 1949 884 1994 atera
902 1957 1025 2011 procum·

117 2011 191 2066 bunt.
226 2011 304 2065 Strati
321 2020 394 2064 erant
413 2012 501 2080 campi
520 2009 639 2078 sarcinis,
651 2009 740 2080 armis,
753 2010 904 2063 avulsarum
923 2011 1027 2064 tabula·

118 2099 176 2134 rum
194 2098 380 2150 remorumque
398 2079 561 2150 fragmentis.
597 2079 680 2132 Miles
697 2096 748 2132 neo
765 2081 855 2148 egredi
873 2080 898 2132 in
918 2089 1025 2150 terram,

118 2167 167 2204 nec
180 2153 206 2203 in
218 2169 286 2204 nave
299 2151 442 2204 subsistere
462 2149 585 2219 audebat,
598 2148 743 2202 identidem
763 2149 948 2219 praesentibus
966 2167 1026 2218 gra·

117 2222 197 2287 viora,
209 2238 279 2290 quae
292 2230 472 2290 sequerentur,
485 2227 637 2290 expectans.
667 2219 718 2271 Vix
730 2235 797 2288 quae
810 2219 1028 2287 perpetiebantur

119 2291 210 2342 videre
234 2293 304 2359 ipsos
326 2291 477 2357 credebaut,
497 2289 524 2342 iu
548 2289 617 2342 sicco
641 2287 785 2359 naufragia,
804 2289 830 2340 in
848 2290 922 2342 amni
943 2305 1028 2342 mare.

117 2359 175 2412 Nec
194 2359 252 2410 finis
270 2359 408 2412 malorum.
445 2359 549 2429 Quippe
571 2367 675 2411 aestum
693 2358 771 2427 paulo
789 2365 847 2428 post
865 2375 941 2410 mare
959 2358 1029 2411 rela-

118 2436 213 2496 turum,
233 2444 285 2497 quo
310 2427 416 2496 navigia
442 2427 627 2496 allevarentur,
652 2427 743 2496 ignari,
762 2427 852 2480 samen
877 2436 904 2480 et
930 2428 1031 2482 ultima

118 2496 225 2549 sibimet
248 2496 441 2548 ominabantur.
484 2495 582 2548 ileluae
606 2513 710 2566 quoque
733 2497 858 2550 fluetibus
883 2497 1031 2550 destitutae

118 2565 248 2618 terribiles
259 2565 429 2634 vagabantur.

153 2641 195 2688 37.
214 2637 327 2705 Jamque
346 2652 398 2688 uox
414 2635 566 2705 appetebat,
584 2643 611 2688 et
634 2651 726 2703 regem
744 2638 860 2705 quoque⁷
876 2635 1031 2706 desperatio

119 2753 160 2800 the
172 2752 261 2810 others,
275 2751 347 2800 while
358 2751 416 2811 they
427 2750 557 2812 preveuted
574 2751 615 2799 the
631 2767 684 2799 oars
695 2750 756 2800 from
771 2752 845 2812 being
860 2753 931 2801 made
942 2753 1029 2814 ready,

118 2811 165 2861 had
181 2812 254 2893 stuqlr
264 2811 335 2860 fast?
351 2813 512 2868 emmeram,
527 2815 579 2859 ‘sat
595 2810 648 2859 firm
665 2811 778 2871 (namely,
791 2827 822 2858 on
837 2810 878 2859 the
895 2812 1032 2862 inundated
1076 2879 1079 2883 Ι

119 2871 262 2978 grfl‘nfiitirer
272 2929 340 2988 ships
350 2927 397 2978 had
407 2938 448 2977 not
460 2929 533 2976 taken
544 2944 575 2991 up
587 2927 655 2978 those
666 2927 749 2988 rashly
759 2928 859 2996 rushing
870 2930 893 2977 in
900 2930 919 2988 ς’
932 2930 985 2979 that
996 2931 1029 2990 is,

122 2988 404 3095 “fiilia'r‘lifrfll
416 2988 909 3096 ”t‘bt⁰³t¹tt²¹¹tlltlttlttllllll
938 3048 944 3070 ‚

149 3105 240 3152 '‘The
258 3121 312 3153 oars
329 3063 390 3152 segre
406 3062 552 3166 ’alterpirarfbly
568 3064 660 3154 bgrbken
668 3108 683 3163 ;’
696 3107 732 3155 for
742 3122 788 3154 one
804 3107 857 3166 ship
869 3064 1030 3158 ναξάιείιθά

120 3164 213 3226 against
225 3163 332 3219 another,
346 3163 426 3212 before
438 3164 479 3212 the
491 3181 544 3213 oars
554 3165 625 3212 could
641 3167 671 3212 be
687 3163 769 3214 drawn
785 3167 817 3215 in.
847 3167 1026 3230 Abstergereis

120 3222 179 3272 used
190 3222 241 3269 also
251 3238 277 3270 as
288 3238 303 3268 a
312 3224 370 3270 verb
381 3223 409 3271 of
421 3224 461 3270 the
473 3223 536 3272 third
546 3222 706 3284 conjugation.

149 3281 373 3387 :Jllypqqebqalleys
384 3281 431 3329 had
442 3283 506 3330 sunlr
514 3284 531 3339 ;’
543 3281 596 3330 that
610 3281 640 3339 is,
656 3281 750 3330 ‘where
761 3282 828 3331 there
839 3298 903 3332 were
914 3285 1028 3346 ralleys!

147 3403 156 3428 ⁸
167 3397 237 3444 ‘Lefr
247 3396 370 3457 aground!

119 3455 263 3560 oflgfaoqae
274 3455 344 3503 belon
362 3464 411 3502 sto
420 3456 463 3524 the
472 3457 551 3526 whqle
567 3423 664 3510 clause:
683 3457 751 3518 Qud,
762 3459 867 3517 besides,
880 3460 922 3510 tha
932 3461 1031 3525 despair

195 3513 330 3570 etyhadm
361 3513 577 3574 athenogene
