2278 3846
472 203 564 244 maen
583 203 623 242 ιν.
961 189 999 246 ur

91 329 176 384 equos
199 311 317 380 regebat,
341 311 416 364 hasta
441 311 580 364 transfixus
603 321 652 362 est.
688 313 746 366 Nec
768 321 815 366 aut
839 312 935 366 Persae
958 323 1004 366 aut

92 383 260 436 Macedones
282 381 443 449 dubitavere,
465 384 527 448 quin
552 381 609 448 ipse
630 397 674 432 rex
698 394 768 434 esset
787 381 900 435 occisus.
938 383 1004 450 Ergo

93 453 199 520 lugubri
216 450 319 503 ululatu
338 457 364 502 et
383 451 513 502 incondito
531 450 647 502 clamore
665 452 828 519 gemituque¹
847 461 929 504 totam
947 451 1004 506 lere

92 524 182 574 aciem
204 520 294 572 adhuc
317 536 401 587 aequo
425 519 523 572 Marte²
546 522 721 588 pugnantium
741 520 880 573 turbavere
900 523 1004 590 cognati

93 592 173 644 Darei
187 599 215 643 et
226 589 364 656 armigeri:
385 589 545 656 laevumque
563 605 642 640 corun
662 589 687 640 in
704 590 794 656 lugam
812 589 926 642 effusum
946 589 1004 644 des·

94 661 204 712 tituerat
227 675 341 726 currum,
365 675 445 726 quern
469 674 486 708 a
509 659 601 710 dextra
625 666 698 726 parte
722 659 812 726 stipati
835 661 862 712 iu
886 660 1004 712 medium

93 746 193 797 agmen
206 735 370 796 receperunt.
407 727 508 779 Dicitur
520 728 628 778 acinace
647 727 735 779 stricto
748 727 850 780 Dareus
861 727 1003 796 dubitasse,

93 799 139 851 an³
150 799 231 866 fugae
243 797 360 848 dedecus
373 795 482 848 honesta
496 805 579 848 morte
593 796 694 847 vitaret.
730 795 782 848 Sed
794 798 916 850 eminens
928 815 1004 850 curru

5 911 7 914 .
95 867 214 921 nondum
237 882 345 918 omnem
369 877 474 917 suorum
498 866 584 917 aciem
608 864 705 933 proelio
728 865 903 919 excedentem
926 865 1005 920 desti

95 947 170 990 tuere
191 934 371 988 erubescebat.
408 934 531 1003 Dumque
551 935 618 986 inter
638 950 715 1002 spem
734 943 761 986 et
781 935 1005 1004 desperationem⁴

96 1006 219 1072 haesitat,
244 1004 344 1056 sensim
367 1004 462 1057 Persae
487 1003 627 1070 cedebant,
651 1012 679 1056 et
707 1004 863 1056 laxaverant
891 1003 1004 1056 ordines.

5 1119 6 1126 ,
94 1075 255 1142 Alexander,
268 1081 369 1126 mutato
388 1089 463 1142 equo,
477 1072 575 1142 quippe
593 1072 682 1140 plures
699 1072 864 1142 fatigaverat,
884 1075 1005 1126 resisten-

95 1146 162 1197 tium
182 1143 294 1196 adversa
313 1159 358 1193 ors
377 1141 513 1211 fodiebat,⁶
527 1141 684 1209 fugientium
704 1152 787 1210 terga.
822 1143 936 1210 Jamque
955 1159 1006 1196 nou

94 1230 194 1284 pugna,
208 1213 255 1265 sed
272 1211 369 1264 caedes
381 1219 444 1276 erat,
458 1228 519 1264 curn
533 1212 637 1264 Dareus
647 1224 752 1332 guoque
764 1228 870 1265 currum
884 1229 962 1266 suom
980 1213 1006 1265 in

95 1283 189 1351 lugam
214 1281 299 1334 vertit.
346 1279 478 1333 Haerebat
501 1281 528 1332 iu
552 1281 631 1347 tergis
665 1281 813 1348 ugientium
837 1281 933 1334 victor:
959 1280 1005 1334 sed

115 1361 267 1420 rospectum
284 1349 417 1402 oculorum
437 1349 522 1402 nubes
538 1349 663 1419 pulveris,
677 1367 745 1418 quae
763 1350 797 1402 ad
815 1351 922 1404 coelum
938 1350 1006 1404 fera·

131 1430 182 1490 tur,
202 1418 363 1472 abstulerat:
387 1435 448 1488 ergo
467 1417 538 1471 haud
557 1434 637 1472 secus
654 1435 734 1486 quam
755 1419 780 1472 in
802 1419 918 1476 tenebris
937 1435 1004 1472 erra-
1067 1464 1068 1467 ,

95 1491 169 1558 bant,
188 1489 222 1540 ad
244 1505 337 1540 sonum
356 1497 432 1540 notae
450 1490 530 1556 vocis,
550 1497 578 1540 ut
596 1488 708 1558 signum,
728 1487 840 1542 subinde
860 1488 1007 1542 coeuntes.⁸

96 1557 285 1612 Exaudiebant
299 1566 387 1609 tamen
400 1565 452 1608 stre
471 1555 514 1609 itis
529 1555 701 1625 habenarum,
714 1557 811 1626 quibus
823 1559 886 1626 equi
900 1573 1007 1612 currum

96 1628 230 1680 vehentes
245 1625 402 1679 identidem⁷
412 1572 632 1680 verberabantur:
651 1625 720 1679 haec
738 1626 793 1680 sola
810 1626 936 1694 fugientia
948 1643 1006 1680 ves·

93 1698 162 1766 tigia
174 1703 286 1765 excepta
299 1703 368 1748 sunt.
1045 1736 1048 1743 .

125 1771 172 1819 u60.
192 1760 228 1818 A‘t
246 1765 274 1818 in
292 1765 368 1816 laevo
385 1762 565 1818 Macedonum
583 1779 664 1815 cornu
682 1763 841 1833 (Parmenio,
858 1763 926 1816 siout
944 1771 1006 1818 aute

5 1877 6 1896 2
93 1836 207 1904 dictum,
229 1834 371 1904 tuebatur),
396 1833 473 1900 longe
496 1832 551 1884 alia
573 1832 678 1884 fortuna
701 1832 838 1901 utriusque
861 1833 943 1902 partis
965 1849 1007 1886 res

93 1904 246 1973 gerebatur.
276 1903 413 1970 Mazaeus,
424 1918 483 1954 curn
498 1902 570 1954 omui
583 1909 689 1953 suorum
702 1901 820 1968 equitatu
833 1903 1007 1954 vehementer

5 1993 6 2020 1
95 1977 226 2041 invectus,
239 1972 350 2050 urgebat
368 1971 547 2024 Macedonum
563 1969 626 2022 alas.
663 1970 777 2038 Jamque
788 1970 928 2023 abundans
939 1969 1006 2024 mul·

94 2041 211 2096 titudine
228 2058 314 2094 acrem
333 2040 504 2094 circumvehi⁸
519 2047 649 2108 coeperat,
667 2055 727 2090 cum
746 2039 885 2092 Parmenio
903 2041 1007 2107 equitas

94 2112 218 2166 nuntiare
235 2109 312 2179 jubet
329 2109 486 2178 Alexandro,
505 2108 530 2160 iu
548 2125 599 2176 quo
615 2107 768 2161 discrimina
786 2108 836 2177 ipsi
855 2117 960 2161 esseut:
979 2109 1006 2162 ui

93 2191 201 2235 mature
220 2180 411 2246 subveniretur,
429 2195 480 2231 uon
496 2193 572 2246 posse
590 2177 646 2229 sisti
666 2177 777 2244 lugam.⁹
811 2178 872 2230 Jam
889 2177 1005 2232 multum

94 2252 154 2303 riae
174 2249 365 2318 praeceperat¹⁰
376 2265 434 2315 rrex,
454 2246 614 2303 imminens¹¹
632 2246 790 2314 fngientium
806 2247 893 2315 tergis,
909 2263 973 2300 cum
988 2263 1006 2298 a

96 2319 272 2372 Parmenione
291 2317 372 2370 tristis
388 2315 498 2370 'nuntius
509 2317 590 2368 venit.
626 2315 769 2368 Refrenare
781 2332 863 2385 equos
873 2315 948 2386 jussi,
960 2316 1007 2385 qui

123 2445 130 2466 ¹
145 2435 232 2484 ‘With
244 2436 284 2483 the
293 2434 441 2489 death-wail,
453 2432 498 2482 aud
509 2449 523 2480 a
533 2432 647 2480 confused
654 2431 750 2480 shoutin
776 2431 1003 2480 audlamentatiou.'

5 2477 6 2484 ,
93 2497 219 2558 Lugubres
230 2495 251 2542 is
262 2493 356 2554 applied
367 2505 392 2541 to
402 2492 545 2598 everything
555 2488 657 2552 relating'
668 2500 693 2539 to
704 2491 758 2539 deat
787 2492 834 2540 and
845 2492 886 2540 the
897 2491 966 2540 dead.

121 2561 132 2586 ²
145 2554 233 2602 ‘With
245 2569 258 2601 e
276 2553 334 2609 ual,'
348 2568 375 2600 or
387 2551 519 2600 ‘undecide
545 2551 660 2598 success.¹

30 2639 32 2643 ·
123 2613 195 2662 ’For
205 2630 237 2660 au
282 2628 308 2660 er
317 2613 431 2665 dubitare,
445 2611 503 2666 dac,
516 2625 557 2657 see
570 2610 667 2667 Zumpt,
680 2609 694 2660 l
705 2611 756 2656 354.

123 2680 132 2701 ⁰
144 2673 205 2734 Spes
215 2681 236 2718 et
246 2672 375 2733 desperatio
383 2669 443 2717 form
454 2685 468 2718 a
479 2669 568 2728 perfect
579 2668 714 2717 antithesis.
748 2667 843 2726 ‘Hope,
854 2665 901 2714 aud
911 2665 953 2714 the
963 2680 1004 2713 en·

65 2741 69 2759 ¹
95 2734 140 2781 tire
152 2730 282 2779 surrender
292 2729 320 2777 os
331 2728 363 2777 all
374 2728 452 2787 hope!

96 2852 100 2860 Ι
125 2788 431 2868 ‘Literally‚‚‘duginto.’
464 2783 856 2846 Wespeakol'arider‘drggrng
882 2781 921 2830 lus
936 2795 1006 2840 spttrs

95 2849 304 3012 mlo‘blblld'dtsiirg
311 2847 484 2974 iirldbbdiesat
493 2903 582 2952 times)
601 2903 706 2949 Subinde
713 2899 758 2948 has
766 2908 814 2946 two
822 2897 1010 2959 significatione

46 3015 49 3021 ,
97 2975 135 3015 ‘at
149 2965 243 3020 times‚'
257 2980 286 3014 eu
317 2963 494 3022 ‘immediately
505 2960 653 3030 thereupon!

123 3031 131 3054 ³
145 3023 333 3129 ‘Repeatedlgss
349 3027 419 3090 ‘ever
430 3022 476 3070 and
487 3037 549 3070 auou
559 3036 584 3068 ru
595 3019 713 3086 thesemo
723 3016 795 3084 arey!
926 3079 931 3088 ¹

121 3091 130 3115 ⁸
141 3085 186 3156 1Ἷῇο
194 3095 295 3132 surrouu
323 3081 364 3149 the
375 3081 422 3129 hue
431 3081 458 3128 ol
465 3081 506 3128 the
517 3077 689 3146 Macedonicus
699 3075 757 3124 with
768 3074 870 3146 cavalry.
901 3075 1011 3126 Orraon·-

93 3139 817 3282 ”ttttttttttttlltttttttttttttt‘ttttg't
831 3193 902 3243 ana
917 3203 958 3242 not
974 3193 1012 3242 n

74 3359 76 3364 .
93 3259 228 3366 “While
240 3317 299 3386 king
310 3315 356 3364 had
367 3313 466 3374 pressed
476 3328 507 3360 ou
518 3321 608 3380 agraet
620 3310 765 3418 Wssffb⁰f⁰t⁰
775 3311 818 3380 the
829 3311 928 3360 others!

123 3386 138 3406 ¹¹
153 3378 247 3425 ‘Clcse
258 3391 282 3423 ru
293 3375 334 3423 the
344 3373 435 3443 roaros
443 3373 483 3420 the
494 3371 623 3432 fugitives!
675 3388 732 3443 erga
742 3387 763 3423 te
773 3385 799 3420 tn
811 3369 852 3418 the
863 3369 950 3430 ploret,
961 3369 1009 3420 be·-

94 3451 169 3488 eausa
178 3437 332 3498 fugientium
342 3450 363 3482 rs
374 3431 458 3494 plural.
542 3507 559 3542 ι
