<?xml version="1.0" encoding="UTF-8"?>
<!DOCTYPE html PUBLIC "-//W3C//DTD XHTML 1.0 Transitional//EN"
    "http://www.w3.org/TR/xhtml1/DTD/xhtml1-transitional.dtd">
<html xmlns="http://www.w3.org/1999/xhtml" xml:lang="en" lang="en">
 <head>
  <title>
</title>
<meta http-equiv="Content-Type" content="text/html;charset=utf-8" />
  <meta name='ocr-system' content='tesseract 3.04.00' />
  <meta name='ocr-capabilities' content='ocr_page ocr_carea ocr_par ocr_line ocrx_word'/>
</head>
<body>
  <div class='ocr_page' id='page_1' title='image "./qcurtiirufidege02rufugoog_0158.png"; bbox 0 0 2278 3846; ppageno 0'>
   <div class='ocr_carea' id='block_1_1' title="bbox 179 217 815 271">
    <p class='ocr_par' dir='ltr' id='par_1_1' title="bbox 179 217 815 271">
     <span class='ocr_line' id='line_1_1' title="bbox 179 217 815 271; baseline -0.005 0"><span class='ocrx_word' id='word_1_1' title='bbox 179 217 233 271; x_wconf 81' lang='grc'>148</span> <span class='ocrx_word' id='word_1_2' title='bbox 438 231 477 270; x_wconf 82' lang='lat' dir='ltr'>aa</span> <span class='ocrx_word' id='word_1_3' title='bbox 501 230 608 270; x_wconf 84' lang='lat' dir='ltr'>aasrrs</span> <span class='ocrx_word' id='word_1_4' title='bbox 630 229 815 270; x_wconf 71' lang='lat' dir='ltr'>surxerunt.</span> 
     </span>
    </p>
   </div>
   <div class='ocr_carea' id='block_1_2' title="bbox 172 337 1085 2343">
    <p class='ocr_par' dir='ltr' id='par_1_2' title="bbox 173 337 1085 1238">
     <span class='ocr_line' id='line_1_2' title="bbox 175 337 1083 408; baseline 0.003 -16"><span class='ocrx_word' id='word_1_5' title='bbox 175 355 275 408; x_wconf 85' lang='lat' dir='ltr'>cussus,</span> <span class='ocrx_word' id='word_1_6' title='bbox 299 337 352 391; x_wconf 89' lang='lat' dir='ltr'>duo</span> <span class='ocrx_word' id='word_1_7' title='bbox 376 339 469 391; x_wconf 84' lang='lat' dir='ltr'>itinera</span> <span class='ocrx_word' id='word_1_8' title='bbox 491 339 564 390; x_wconf 86' lang='lat' dir='ltr'>velut</span> <span class='ocrx_word' id='word_1_9' title='bbox 586 337 745 408; x_wconf 74' lang='lat' dir='ltr'>dispensatis</span> <span class='ocrx_word' id='word_1_10' title='bbox 768 339 854 408; x_wconf 87' lang='lat' dir='ltr'>aquis¹</span> <span class='ocrx_word' id='word_1_11' title='bbox 877 339 972 408; x_wconf 86' lang='lat' dir='ltr'>aperit.</span> <span class='ocrx_word' id='word_1_12' title='bbox 1017 337 1083 396; x_wconf 79' lang='lat' dir='ltr'>luds</span> 
     </span>
     <span class='ocr_line' id='line_1_3' title="bbox 176 407 1080 478; baseline 0.001 -17"><span class='ocrx_word' id='word_1_13' title='bbox 176 411 293 477; x_wconf 83' lang='lat' dir='ltr'>torrens,²</span> <span class='ocrx_word' id='word_1_14' title='bbox 304 417 330 460; x_wconf 90' lang='lat' dir='ltr'>et</span> <span class='ocrx_word' id='word_1_15' title='bbox 350 425 480 474; x_wconf 82' lang='lat' dir='ltr'>saxorum,</span> <span class='ocrx_word' id='word_1_16' title='bbox 493 423 540 476; x_wconf 90' lang='lat' dir='ltr'>per</span> <span class='ocrx_word' id='word_1_17' title='bbox 557 424 625 474; x_wconf 85' lang='lat' dir='ltr'>quae</span> <span class='ocrx_word' id='word_1_18' title='bbox 647 408 760 476; x_wconf 88' lang='lat' dir='ltr'>incurrit,</span> <span class='ocrx_word' id='word_1_19' title='bbox 774 409 916 476; x_wconf 89' lang='lat' dir='ltr'>asperitate</span> <span class='ocrx_word' id='word_1_20' title='bbox 934 407 1080 478; x_wconf 86' lang='lat' dir='ltr'>violentior,</span> 
     </span>
     <span class='ocr_line' id='line_1_4' title="bbox 175 477 1082 546; baseline 0.001 -17"><span class='ocrx_word' id='word_1_21' title='bbox 175 489 270 530; x_wconf 83' lang='lat' dir='ltr'>terram</span> <span class='ocrx_word' id='word_1_22' title='bbox 291 494 419 546; x_wconf 85' lang='lat' dir='ltr'>praeceps</span> <span class='ocrx_word' id='word_1_23' title='bbox 438 477 514 529; x_wconf 86' lang='lat' dir='ltr'>subit.</span> <span class='ocrx_word' id='word_1_24' title='bbox 559 477 609 528; x_wconf 89' lang='lat' dir='ltr'>Per</span> <span class='ocrx_word' id='word_1_25' title='bbox 628 477 691 529; x_wconf 87' lang='lat' dir='ltr'>CCC</span> <span class='ocrx_word' id='word_1_26' title='bbox 709 477 793 528; x_wconf 88' lang='lat' dir='ltr'>stadia</span> <span class='ocrx_word' id='word_1_27' title='bbox 816 477 951 531; x_wconf 72' lang='lat' dir='ltr'>conditus³</span> <span class='ocrx_word' id='word_1_28' title='bbox 969 477 1082 530; x_wconf 87' lang='lat' dir='ltr'>labitur:</span> 
     </span>
     <span class='ocr_line' id='line_1_5' title="bbox 175 545 1084 616; baseline 0.003 -18"><span class='ocrx_word' id='word_1_29' title='bbox 175 562 316 614; x_wconf 88' lang='lat' dir='ltr'>rursusque</span> <span class='ocrx_word' id='word_1_30' title='bbox 339 546 411 598; x_wconf 84' lang='lat' dir='ltr'>velut</span> <span class='ocrx_word' id='word_1_31' title='bbox 432 563 465 598; x_wconf 86' lang='lat' dir='ltr'>ex</span> <span class='ocrx_word' id='word_1_32' title='bbox 487 546 539 596; x_wconf 86' lang='lat' dir='ltr'>alio</span> <span class='ocrx_word' id='word_1_33' title='bbox 563 545 633 597; x_wconf 87' lang='lat' dir='ltr'>sonte</span> <span class='ocrx_word' id='word_1_34' title='bbox 654 555 799 614; x_wconf 86' lang='lat' dir='ltr'>conceptus</span> <span class='ocrx_word' id='word_1_35' title='bbox 819 547 913 616; x_wconf 87' lang='lat' dir='ltr'>editur,</span> <span class='ocrx_word' id='word_1_36' title='bbox 935 557 963 598; x_wconf 91' lang='lat' dir='ltr'>et</span> <span class='ocrx_word' id='word_1_37' title='bbox 985 563 1084 600; x_wconf 81' lang='lat' dir='ltr'>norum</span> 
     </span>
     <span class='ocr_line' id='line_1_6' title="bbox 174 614 1084 685; baseline 0.002 -19"><span class='ocrx_word' id='word_1_38' title='bbox 174 614 280 667; x_wconf 82' lang='lat' dir='ltr'>alveum</span> <span class='ocrx_word' id='word_1_39' title='bbox 310 615 440 684; x_wconf 83' lang='lat' dir='ltr'>intendit,⁴</span> <span class='ocrx_word' id='word_1_40' title='bbox 466 615 549 684; x_wconf 85' lang='lat' dir='ltr'>priore</span> <span class='ocrx_word' id='word_1_41' title='bbox 575 617 615 666; x_wconf 90' lang='lat' dir='ltr'>sui</span> <span class='ocrx_word' id='word_1_42' title='bbox 638 629 712 683; x_wconf 88' lang='lat' dir='ltr'>parte</span> <span class='ocrx_word' id='word_1_43' title='bbox 736 616 880 684; x_wconf 82' lang='lat' dir='ltr'>spatiosior.</span> <span class='ocrx_word' id='word_1_44' title='bbox 925 617 1034 685; x_wconf 86' lang='lat' dir='ltr'>Quippe</span> <span class='ocrx_word' id='word_1_45' title='bbox 1057 617 1084 668; x_wconf 86' lang='lat' dir='ltr'>in</span> 
     </span>
     <span class='ocr_line' id='line_1_7' title="bbox 175 683 1083 754; baseline 0.002 -18"><span class='ocrx_word' id='word_1_46' title='bbox 175 683 341 736; x_wconf 89' lang='lat' dir='ltr'>latitudinem</span> <span class='ocrx_word' id='word_1_47' title='bbox 354 685 447 736; x_wconf 87' lang='lat' dir='ltr'>decern</span> <span class='ocrx_word' id='word_1_48' title='bbox 468 693 494 736; x_wconf 90' lang='lat' dir='ltr'>et</span> <span class='ocrx_word' id='word_1_49' title='bbox 514 685 591 736; x_wconf 90' lang='lat' dir='ltr'>trium</span> <span class='ocrx_word' id='word_1_50' title='bbox 604 684 747 736; x_wconf 88' lang='lat' dir='ltr'>stadiorum</span> <span class='ocrx_word' id='word_1_51' title='bbox 761 683 924 752; x_wconf 83' lang='lat' dir='ltr'>diffunditur,</span> <span class='ocrx_word' id='word_1_52' title='bbox 940 701 1083 754; x_wconf 88' lang='lat' dir='ltr'>rursusque</span> 
     </span>
     <span class='ocr_line' id='line_1_8' title="bbox 174 754 1083 822; baseline 0.004 -18"><span class='ocrx_word' id='word_1_53' title='bbox 174 754 368 822; x_wconf 79' lang='lat' dir='ltr'>angustioribus</span> <span class='ocrx_word' id='word_1_54' title='bbox 387 754 516 806; x_wconf 87' lang='lat' dir='ltr'>coercitus</span> <span class='ocrx_word' id='word_1_55' title='bbox 536 754 598 821; x_wconf 85' lang='lat' dir='ltr'>ripis</span> <span class='ocrx_word' id='word_1_56' title='bbox 619 754 668 805; x_wconf 89' lang='lat' dir='ltr'>iter</span> <span class='ocrx_word' id='word_1_57' title='bbox 687 754 772 821; x_wconf 87' lang='lat' dir='ltr'>cogit;</span> <span class='ocrx_word' id='word_1_58' title='bbox 792 754 898 806; x_wconf 86' lang='lat' dir='ltr'>tandem</span> <span class='ocrx_word' id='word_1_59' title='bbox 921 756 947 806; x_wconf 89' lang='lat' dir='ltr'>iu</span> <span class='ocrx_word' id='word_1_60' title='bbox 969 755 1083 808; x_wconf 86' lang='lat' dir='ltr'>alterum</span> 
     </span>
     <span class='ocr_line' id='line_1_9' title="bbox 173 823 1082 892; baseline 0.002 -18"><span class='ocrx_word' id='word_1_61' title='bbox 173 837 282 875; x_wconf 90' lang='lat' dir='ltr'>amnem</span> <span class='ocrx_word' id='word_1_62' title='bbox 304 823 384 875; x_wconf 91' lang='lat' dir='ltr'>cadit.</span> <span class='ocrx_word' id='word_1_63' title='bbox 428 823 545 890; x_wconf 87' lang='lat' dir='ltr'>Ridagno</span> <span class='ocrx_word' id='word_1_64' title='bbox 569 839 665 874; x_wconf 88' lang='lat' dir='ltr'>nornen</span> <span class='ocrx_word' id='word_1_65' title='bbox 689 832 738 874; x_wconf 85' lang='lat' dir='ltr'>est.</span> <span class='ocrx_word' id='word_1_66' title='bbox 775 823 879 876; x_wconf 86' lang='lat' dir='ltr'>Incolae</span> <span class='ocrx_word' id='word_1_67' title='bbox 903 824 1082 892; x_wconf 84' lang='lat' dir='ltr'>affirmabant,</span> 
     </span>
     <span class='ocr_line' id='line_1_10' title="bbox 173 891 1081 961; baseline 0.002 -17"><span class='ocrx_word' id='word_1_68' title='bbox 173 893 325 961; x_wconf 79' lang='lat' dir='ltr'>quicunque</span> <span class='ocrx_word' id='word_1_69' title='bbox 337 891 445 944; x_wconf 81' lang='lat' dir='ltr'>demissi</span> <span class='ocrx_word' id='word_1_70' title='bbox 458 899 546 944; x_wconf 89' lang='lat' dir='ltr'>essent</span> <span class='ocrx_word' id='word_1_71' title='bbox 559 891 586 943; x_wconf 94' lang='lat' dir='ltr'>in</span> <span class='ocrx_word' id='word_1_72' title='bbox 598 907 747 959; x_wconf 85' lang='lat' dir='ltr'>cavernam,</span> <span class='ocrx_word' id='word_1_73' title='bbox 757 909 827 961; x_wconf 88' lang='lat' dir='ltr'>quae</span> <span class='ocrx_word' id='word_1_74' title='bbox 836 895 941 961; x_wconf 87' lang='lat' dir='ltr'>propior</span> <span class='ocrx_word' id='word_1_75' title='bbox 953 891 995 946; x_wconf 84' lang='lat' dir='ltr'>est</span> <span class='ocrx_word' id='word_1_76' title='bbox 1010 893 1081 960; x_wconf 87' lang='lat' dir='ltr'>lenti,</span> 
     </span>
     <span class='ocr_line' id='line_1_11' title="bbox 174 961 1081 1030; baseline 0.004 -16"><span class='ocrx_word' id='word_1_77' title='bbox 174 977 264 1014; x_wconf 82' lang='lat' dir='ltr'>rursus</span> <span class='ocrx_word' id='word_1_78' title='bbox 276 962 320 1014; x_wconf 86' lang='lat' dir='ltr'>ubi</span> <span class='ocrx_word' id='word_1_79' title='bbox 340 961 412 1014; x_wconf 88' lang='lat' dir='ltr'>aliud</span> <span class='ocrx_word' id='word_1_80' title='bbox 432 977 461 1013; x_wconf 90' lang='lat' dir='ltr'>os</span> <span class='ocrx_word' id='word_1_81' title='bbox 479 962 566 1013; x_wconf 85' lang='lat' dir='ltr'>amnis</span> <span class='ocrx_word' id='word_1_82' title='bbox 585 961 707 1029; x_wconf 87' lang='lat' dir='ltr'>aperitur,</span> <span class='ocrx_word' id='word_1_83' title='bbox 721 963 855 1014; x_wconf 76' lang='lat' dir='ltr'>existere.⁵</span> <span class='ocrx_word' id='word_1_84' title='bbox 890 963 986 1030; x_wconf 88' lang='lat' dir='ltr'>ltaque</span> <span class='ocrx_word' id='word_1_85' title='bbox 1002 963 1081 1018; x_wconf 85' lang='lat' dir='ltr'>Alex·</span> 
     </span>
     <span class='ocr_line' id='line_1_12' title="bbox 173 1030 1082 1100; baseline 0.002 -17"><span class='ocrx_word' id='word_1_86' title='bbox 173 1030 256 1083; x_wconf 87' lang='lat' dir='ltr'>ander</span> <span class='ocrx_word' id='word_1_87' title='bbox 275 1031 361 1099; x_wconf 80' lang='lat' dir='ltr'>duos,⁸</span> <span class='ocrx_word' id='word_1_88' title='bbox 378 1047 430 1099; x_wconf 90' lang='lat' dir='ltr'>qua</span> <span class='ocrx_word' id='word_1_89' title='bbox 449 1030 562 1082; x_wconf 88' lang='lat' dir='ltr'>subeunt</span> <span class='ocrx_word' id='word_1_90' title='bbox 581 1045 667 1098; x_wconf 83' lang='lat' dir='ltr'>aquae</span> <span class='ocrx_word' id='word_1_91' title='bbox 688 1039 793 1098; x_wconf 88' lang='lat' dir='ltr'>terram,</span> <span class='ocrx_word' id='word_1_92' title='bbox 813 1031 979 1100; x_wconf 86' lang='lat' dir='ltr'>praecipitari</span> <span class='ocrx_word' id='word_1_93' title='bbox 999 1031 1082 1100; x_wconf 87' lang='lat' dir='ltr'>jubat,</span> 
     </span>
     <span class='ocr_line' id='line_1_13' title="bbox 173 1099 1085 1171; baseline 0 -19"><span class='ocrx_word' id='word_1_94' title='bbox 173 1117 283 1170; x_wconf 86' lang='lat' dir='ltr'>quorum</span> <span class='ocrx_word' id='word_1_95' title='bbox 308 1117 422 1170; x_wconf 85' lang='lat' dir='ltr'>corpora,</span> <span class='ocrx_word' id='word_1_96' title='bbox 447 1100 492 1152; x_wconf 88' lang='lat' dir='ltr'>ubi</span> <span class='ocrx_word' id='word_1_97' title='bbox 520 1115 608 1152; x_wconf 87' lang='lat' dir='ltr'>rursus</span> <span class='ocrx_word' id='word_1_98' title='bbox 631 1099 753 1169; x_wconf 85' lang='lat' dir='ltr'>erumpit,</span> <span class='ocrx_word' id='word_1_99' title='bbox 778 1100 888 1170; x_wconf 82' lang='lat' dir='ltr'>expulsa</span> <span class='ocrx_word' id='word_1_100' title='bbox 912 1101 1015 1171; x_wconf 86' lang='lat' dir='ltr'>ridere,</span> <span class='ocrx_word' id='word_1_101' title='bbox 1040 1101 1085 1171; x_wconf 89' lang='lat' dir='ltr'>qui</span> 
     </span>
     <span class='ocr_line' id='line_1_14' title="bbox 173 1170 898 1238; baseline 0 -16"><span class='ocrx_word' id='word_1_102' title='bbox 173 1170 246 1222; x_wconf 89' lang='lat' dir='ltr'>missi</span> <span class='ocrx_word' id='word_1_103' title='bbox 260 1182 341 1237; x_wconf 87' lang='lat' dir='ltr'>erant,</span> <span class='ocrx_word' id='word_1_104' title='bbox 355 1179 382 1221; x_wconf 92' lang='lat' dir='ltr'>ut</span> <span class='ocrx_word' id='word_1_105' title='bbox 395 1170 554 1238; x_wconf 81' lang='lat' dir='ltr'>exciperent.</span> <span class='ocrx_word' id='word_1_106' title='bbox 895 1193 898 1197; x_wconf 44' lang='lat'><em>¹</em></span> 
     </span>
    </p>

    <p class='ocr_par' dir='ltr' id='par_1_3' title="bbox 172 1237 1084 2343">
     <span class='ocr_line' id='line_1_15' title="bbox 211 1237 1082 1309; baseline 0.001 -18"><span class='ocrx_word' id='word_1_107' title='bbox 211 1246 250 1291; x_wconf 85' lang='lat' dir='ltr'>ll.</span> <span class='ocrx_word' id='word_1_108' title='bbox 269 1239 396 1297; x_wconf 87' lang='lat' dir='ltr'>Quartum</span> <span class='ocrx_word' id='word_1_109' title='bbox 408 1238 463 1307; x_wconf 89' lang='lat' dir='ltr'>jam</span> <span class='ocrx_word' id='word_1_110' title='bbox 476 1238 548 1291; x_wconf 89' lang='lat' dir='ltr'>diem</span> <span class='ocrx_word' id='word_1_111' title='bbox 565 1237 659 1291; x_wconf 78' lang='lat' dir='ltr'>eodeni</span> <span class='ocrx_word' id='word_1_112' title='bbox 673 1237 729 1290; x_wconf 88' lang='lat' dir='ltr'>loco</span> <span class='ocrx_word' id='word_1_113' title='bbox 741 1240 860 1306; x_wconf 89' lang='lat' dir='ltr'>quietem</span> <span class='ocrx_word' id='word_1_114' title='bbox 872 1238 949 1291; x_wconf 89' lang='lat' dir='ltr'>militi</span> <span class='ocrx_word' id='word_1_115' title='bbox 961 1239 1082 1309; x_wconf 77' lang='lat' dir='ltr'>dederat,</span> 
     </span>
     <span class='ocr_line' id='line_1_16' title="bbox 173 1307 1082 1378; baseline 0.002 -18"><span class='ocrx_word' id='word_1_116' title='bbox 173 1323 235 1361; x_wconf 88' lang='lat' dir='ltr'>cum</span> <span class='ocrx_word' id='word_1_117' title='bbox 249 1309 348 1362; x_wconf 82' lang='lat' dir='ltr'>litteras</span> <span class='ocrx_word' id='word_1_118' title='bbox 358 1307 528 1375; x_wconf 76' lang='lat' dir='ltr'>Nabarzanis,</span> <span class='ocrx_word' id='word_1_119' title='bbox 539 1308 584 1376; x_wconf 91' lang='lat' dir='ltr'>qui</span> <span class='ocrx_word' id='word_1_120' title='bbox 598 1307 712 1360; x_wconf 86' lang='lat' dir='ltr'>Dareum</span> <span class='ocrx_word' id='word_1_121' title='bbox 725 1324 786 1360; x_wconf 89' lang='lat' dir='ltr'>curn</span> <span class='ocrx_word' id='word_1_122' title='bbox 801 1308 881 1360; x_wconf 90' lang='lat' dir='ltr'>Besso</span> <span class='ocrx_word' id='word_1_123' title='bbox 894 1309 1082 1378; x_wconf 78' lang='lat' dir='ltr'>interceperat,</span> 
     </span>
     <span class='ocr_line' id='line_1_17' title="bbox 173 1377 1084 1446; baseline 0.005 -17"><span class='ocrx_word' id='word_1_124' title='bbox 173 1377 277 1445; x_wconf 88' lang='lat' dir='ltr'>accipit,</span> <span class='ocrx_word' id='word_1_125' title='bbox 301 1392 409 1446; x_wconf 92' lang='lat' dir='ltr'>quarum</span> <span class='ocrx_word' id='word_1_126' title='bbox 435 1377 565 1428; x_wconf 84' lang='lat' dir='ltr'>sententia</span> <span class='ocrx_word' id='word_1_127' title='bbox 584 1377 734 1429; x_wconf 80' lang='lat' dir='ltr'>haeserat:</span> <span class='ocrx_word' id='word_1_128' title='bbox 759 1393 789 1428; x_wconf 89' lang='lat' dir='ltr'>ee</span> <span class='ocrx_word' id='word_1_129' title='bbox 813 1378 898 1429; x_wconf 86' lang='lat' dir='ltr'>Dareo</span> <span class='ocrx_word' id='word_1_130' title='bbox 921 1394 973 1430; x_wconf 92' lang='lat' dir='ltr'>uon</span> <span class='ocrx_word' id='word_1_131' title='bbox 999 1379 1084 1434; x_wconf 79' lang='lat' dir='ltr'>tuisse</span> 
     </span>
     <span class='ocr_line' id='line_1_18' title="bbox 173 1444 1082 1518; baseline 0.004 -20"><span class='ocrx_word' id='word_1_132' title='bbox 173 1446 318 1512; x_wconf 89' lang='lat' dir='ltr'>inimicum,</span> <span class='ocrx_word' id='word_1_133' title='bbox 333 1445 414 1498; x_wconf 89' lang='lat' dir='ltr'>immo</span> <span class='ocrx_word' id='word_1_134' title='bbox 426 1445 518 1498; x_wconf 85' lang='lat' dir='ltr'>etiam⁷</span> <span class='ocrx_word' id='word_1_135' title='bbox 530 1461 599 1514; x_wconf 88' lang='lat' dir='ltr'>quae</span> <span class='ocrx_word' id='word_1_136' title='bbox 616 1444 772 1498; x_wconf 83' lang='lat' dir='ltr'>credidisset</span> <span class='ocrx_word' id='word_1_137' title='bbox 792 1446 869 1498; x_wconf 87' lang='lat' dir='ltr'>utilia</span> <span class='ocrx_word' id='word_1_138' title='bbox 881 1463 941 1498; x_wconf 85' lang='lat' dir='ltr'>esee</span> <span class='ocrx_word' id='word_1_139' title='bbox 955 1450 1082 1518; x_wconf 88' lang='lat' dir='ltr'>suasisse,</span> 
     </span>
     <span class='ocr_line' id='line_1_19' title="bbox 173 1514 1080 1594; baseline 0.004 -28"><span class='ocrx_word' id='word_1_140' title='bbox 173 1525 200 1567; x_wconf 90' lang='lat' dir='ltr'>et</span> <span class='ocrx_word' id='word_1_141' title='bbox 212 1517 275 1594; x_wconf 80' lang='lat' dir='ltr'>quia</span> <span class='ocrx_word' id='word_1_142' title='bbox 287 1514 365 1567; x_wconf 87' lang='lat' dir='ltr'>iidele</span> <span class='ocrx_word' id='word_1_143' title='bbox 377 1514 516 1567; x_wconf 85' lang='lat' dir='ltr'>consilium</span> <span class='ocrx_word' id='word_1_144' title='bbox 530 1516 583 1582; x_wconf 85' lang='lat' dir='ltr'>regi</span> <span class='ocrx_word' id='word_1_145' title='bbox 602 1514 727 1580; x_wconf 87' lang='lat' dir='ltr'>dedisset,</span> <span class='ocrx_word' id='word_1_146' title='bbox 741 1531 821 1584; x_wconf 89' lang='lat' dir='ltr'>prope</span> <span class='ocrx_word' id='word_1_147' title='bbox 841 1516 961 1570; x_wconf 62' lang='lat' dir='ltr'>coebum</span> <span class='ocrx_word' id='word_1_148' title='bbox 981 1518 1019 1570; x_wconf 91' lang='lat' dir='ltr'>ab</span> <span class='ocrx_word' id='word_1_149' title='bbox 1040 1533 1080 1570; x_wconf 90' lang='lat' dir='ltr'>eo.</span> 
     </span>
     <span class='ocr_line' id='line_1_20' title="bbox 173 1583 1083 1656; baseline 0.007 -22"><span class='ocrx_word' id='word_1_150' title='bbox 173 1586 296 1651; x_wconf 79' lang='lat' dir='ltr'>Agitasse</span> <span class='ocrx_word' id='word_1_151' title='bbox 317 1584 440 1650; x_wconf 87' lang='lat' dir='ltr'>Dareum,</span> <span class='ocrx_word' id='word_1_152' title='bbox 457 1583 606 1641; x_wconf 78' lang='lat' dir='ltr'>custodiam</span> <span class='ocrx_word' id='word_1_153' title='bbox 625 1583 740 1652; x_wconf 87' lang='lat' dir='ltr'>corporis</span> <span class='ocrx_word' id='word_1_154' title='bbox 758 1585 797 1636; x_wconf 91' lang='lat' dir='ltr'>sui</span> <span class='ocrx_word' id='word_1_155' title='bbox 816 1595 905 1637; x_wconf 88' lang='lat' dir='ltr'>contra</span> <span class='ocrx_word' id='word_1_156' title='bbox 924 1583 967 1652; x_wconf 87' lang='lat' dir='ltr'>jus</span> <span class='ocrx_word' id='word_1_157' title='bbox 987 1585 1083 1656; x_wconf 87' lang='lat' dir='ltr'>fasque</span> 
     </span>
     <span class='ocr_line' id='line_1_21' title="bbox 172 1652 1083 1725; baseline 0.005 -21"><span class='ocrx_word' id='word_1_158' title='bbox 172 1654 310 1722; x_wconf 79' lang='lat' dir='ltr'>peregrino</span> <span class='ocrx_word' id='word_1_159' title='bbox 333 1652 410 1705; x_wconf 91' lang='lat' dir='ltr'>militi</span> <span class='ocrx_word' id='word_1_160' title='bbox 435 1652 545 1724; x_wconf 89' lang='lat' dir='ltr'>tradere,</span> <span class='ocrx_word' id='word_1_161' title='bbox 569 1652 697 1704; x_wconf 84' lang='lat' dir='ltr'>damnata</span> <span class='ocrx_word' id='word_1_162' title='bbox 722 1653 889 1720; x_wconf 86' lang='lat' dir='ltr'>popularium</span> <span class='ocrx_word' id='word_1_163' title='bbox 911 1653 974 1722; x_wconf 85' lang='lat' dir='ltr'>fide,</span> <span class='ocrx_word' id='word_1_164' title='bbox 999 1673 1083 1725; x_wconf 87' lang='lat' dir='ltr'>quam</span> 
     </span>
     <span class='ocr_line' id='line_1_22' title="bbox 172 1720 1083 1794; baseline 0.007 -21"><span class='ocrx_word' id='word_1_165' title='bbox 172 1739 219 1791; x_wconf 91' lang='lat' dir='ltr'>per</span> <span class='ocrx_word' id='word_1_166' title='bbox 231 1723 359 1775; x_wconf 87' lang='lat' dir='ltr'>ducentos</span> <span class='ocrx_word' id='word_1_167' title='bbox 370 1730 397 1773; x_wconf 91' lang='lat' dir='ltr'>et</span> <span class='ocrx_word' id='word_1_168' title='bbox 408 1722 512 1790; x_wconf 81' lang='lat' dir='ltr'>triginta</span> <span class='ocrx_word' id='word_1_169' title='bbox 532 1723 624 1774; x_wconf 80' lang='lat' dir='ltr'>anuos⁸</span> <span class='ocrx_word' id='word_1_170' title='bbox 636 1720 790 1774; x_wconf 84' lang='lat' dir='ltr'>inviolatam</span> <span class='ocrx_word' id='word_1_171' title='bbox 813 1721 919 1790; x_wconf 77' lang='lat' dir='ltr'>regibus</span> <span class='ocrx_word' id='word_1_172' title='bbox 939 1723 997 1775; x_wconf 89' lang='lat' dir='ltr'>suis</span> <span class='ocrx_word' id='word_1_173' title='bbox 1020 1741 1083 1794; x_wconf 78' lang='lat' dir='ltr'>prae</span> 
     </span>
     <span class='ocr_line' id='line_1_23' title="bbox 173 1791 1084 1860; baseline 0.004 -17"><span class='ocrx_word' id='word_1_174' title='bbox 173 1792 308 1844; x_wconf 86' lang='lat' dir='ltr'>stitisseut.</span> <span class='ocrx_word' id='word_1_175' title='bbox 343 1791 377 1844; x_wconf 89' lang='lat' dir='ltr'>Se</span> <span class='ocrx_word' id='word_1_176' title='bbox 401 1792 426 1844; x_wconf 91' lang='lat' dir='ltr'>in</span> <span class='ocrx_word' id='word_1_177' title='bbox 448 1791 585 1860; x_wconf 80' lang='lat' dir='ltr'>praecipiti</span> <span class='ocrx_word' id='word_1_178' title='bbox 604 1799 630 1842; x_wconf 89' lang='lat' dir='ltr'>et</span> <span class='ocrx_word' id='word_1_179' title='bbox 650 1791 748 1843; x_wconf 89' lang='lat' dir='ltr'>lubrico</span> <span class='ocrx_word' id='word_1_180' title='bbox 768 1800 883 1844; x_wconf 87' lang='lat' dir='ltr'>stantem</span> <span class='ocrx_word' id='word_1_181' title='bbox 903 1793 1049 1847; x_wconf 84' lang='lat' dir='ltr'>consilium</span> <span class='ocrx_word' id='word_1_182' title='bbox 1067 1812 1084 1847; x_wconf 93' lang='lat' dir='ltr'>a</span> 
     </span>
     <span class='ocr_line' id='line_1_24' title="bbox 173 1861 1083 1930; baseline 0.003 -17"><span class='ocrx_word' id='word_1_183' title='bbox 173 1861 303 1930; x_wconf 85' lang='lat' dir='ltr'>praesenti</span> <span class='ocrx_word' id='word_1_184' title='bbox 317 1862 475 1914; x_wconf 86' lang='lat' dir='ltr'>necessitate</span> <span class='ocrx_word' id='word_1_185' title='bbox 493 1861 629 1928; x_wconf 89' lang='lat' dir='ltr'>repetisse.</span> <span class='ocrx_word' id='word_1_186' title='bbox 665 1861 782 1912; x_wconf 88' lang='lat' dir='ltr'>Dareurn</span> <span class='ocrx_word' id='word_1_187' title='bbox 802 1877 916 1930; x_wconf 88' lang='lat' dir='ltr'>quoque,</span> <span class='ocrx_word' id='word_1_188' title='bbox 929 1878 994 1914; x_wconf 86' lang='lat' dir='ltr'>curu</span> <span class='ocrx_word' id='word_1_189' title='bbox 1014 1865 1083 1918; x_wconf 84' lang='lat' dir='ltr'>occi·</span> 
     </span>
     <span class='ocr_line' id='line_1_25' title="bbox 173 1928 1082 2002; baseline 0.004 -20"><span class='ocrx_word' id='word_1_190' title='bbox 173 1931 255 1983; x_wconf 87' lang='lat' dir='ltr'>disset</span> <span class='ocrx_word' id='word_1_191' title='bbox 268 1931 380 1999; x_wconf 83' lang='lat' dir='ltr'>Bagoan,</span> <span class='ocrx_word' id='word_1_192' title='bbox 393 1929 444 1983; x_wconf 89' lang='lat' dir='ltr'>hac</span> <span class='ocrx_word' id='word_1_193' title='bbox 456 1930 626 1983; x_wconf 80' lang='lat' dir='ltr'>excusatione</span> <span class='ocrx_word' id='word_1_194' title='bbox 644 1928 804 1982; x_wconf 80' lang='lat' dir='ltr'>satisfecisse</span> <span class='ocrx_word' id='word_1_195' title='bbox 817 1929 996 2000; x_wconf 87' lang='lat' dir='ltr'>popularibus,</span> <span class='ocrx_word' id='word_1_196' title='bbox 1010 1933 1082 2002; x_wconf 85' lang='lat' dir='ltr'>qued</span> 
     </span>
     <span class='ocr_line' id='line_1_26' title="bbox 173 1997 1082 2056; baseline 0.002 -4"><span class='ocrx_word' id='word_1_197' title='bbox 173 2000 341 2054; x_wconf 85' lang='lat' dir='ltr'>insidiantem</span> <span class='ocrx_word' id='word_1_198' title='bbox 354 1999 404 2052; x_wconf 89' lang='lat' dir='ltr'>sibi</span> <span class='ocrx_word' id='word_1_199' title='bbox 416 2000 602 2052; x_wconf 82' lang='lat' dir='ltr'>interemisset.</span> <span class='ocrx_word' id='word_1_200' title='bbox 640 1997 712 2050; x_wconf 87' lang='lat' dir='ltr'>Nihil</span> <span class='ocrx_word' id='word_1_201' title='bbox 727 2014 788 2050; x_wconf 87' lang='lat' dir='ltr'>esse</span> <span class='ocrx_word' id='word_1_202' title='bbox 801 1999 904 2052; x_wconf 89' lang='lat' dir='ltr'>miseris</span> <span class='ocrx_word' id='word_1_203' title='bbox 925 2002 1082 2056; x_wconf 87' lang='lat' dir='ltr'>mortalibus</span> 
     </span>
     <span class='ocr_line' id='line_1_27' title="bbox 173 2066 1083 2138; baseline 0 -16"><span class='ocrx_word' id='word_1_204' title='bbox 173 2070 263 2138; x_wconf 85' lang='lat' dir='ltr'>spirita</span> <span class='ocrx_word' id='word_1_205' title='bbox 276 2070 369 2121; x_wconf 89' lang='lat' dir='ltr'>carius.</span> <span class='ocrx_word' id='word_1_206' title='bbox 406 2071 503 2120; x_wconf 87' lang='lat' dir='ltr'>Amore</span> <span class='ocrx_word' id='word_1_207' title='bbox 516 2068 575 2137; x_wconf 88' lang='lat' dir='ltr'>ejus</span> <span class='ocrx_word' id='word_1_208' title='bbox 586 2067 620 2118; x_wconf 93' lang='lat' dir='ltr'>ad</span> <span class='ocrx_word' id='word_1_209' title='bbox 637 2066 731 2118; x_wconf 90' lang='lat' dir='ltr'>ultima</span> <span class='ocrx_word' id='word_1_210' title='bbox 751 2083 811 2119; x_wconf 89' lang='lat' dir='ltr'>esse</span> <span class='ocrx_word' id='word_1_211' title='bbox 831 2068 994 2136; x_wconf 87' lang='lat' dir='ltr'>propulsum.</span> <span class='ocrx_word' id='word_1_212' title='bbox 1032 2071 1083 2126; x_wconf 86' lang='lat' dir='ltr'>Sed</span> 
     </span>
     <span class='ocr_line' id='line_1_28' title="bbox 173 2137 1083 2205; baseline 0.004 -16"><span class='ocrx_word' id='word_1_213' title='bbox 173 2155 205 2189; x_wconf 86' lang='lat' dir='ltr'>ea</span> <span class='ocrx_word' id='word_1_214' title='bbox 218 2139 303 2205; x_wconf 86' lang='lat' dir='ltr'>magis</span> <span class='ocrx_word' id='word_1_215' title='bbox 314 2155 373 2190; x_wconf 90' lang='lat' dir='ltr'>esse</span> <span class='ocrx_word' id='word_1_216' title='bbox 386 2137 527 2202; x_wconf 79' lang='lat' dir='ltr'>secutum,⁰</span> <span class='ocrx_word' id='word_1_217' title='bbox 539 2151 622 2205; x_wconf 89' lang='lat' dir='ltr'>quam</span> <span class='ocrx_word' id='word_1_218' title='bbox 633 2145 748 2205; x_wconf 88' lang='lat' dir='ltr'>optasse.</span> <span class='ocrx_word' id='word_1_219' title='bbox 785 2137 813 2189; x_wconf 91' lang='lat' dir='ltr'>Iu</span> <span class='ocrx_word' id='word_1_220' title='bbox 826 2138 960 2190; x_wconf 84' lang='lat' dir='ltr'>communi</span> <span class='ocrx_word' id='word_1_221' title='bbox 974 2139 1083 2194; x_wconf 84' lang='lat' dir='ltr'>calami·</span> 
     </span>
     <span class='ocr_line' id='line_1_29' title="bbox 173 2205 1081 2277; baseline 0.004 -19"><span class='ocrx_word' id='word_1_222' title='bbox 173 2216 227 2259; x_wconf 91' lang='lat' dir='ltr'>tate</span> <span class='ocrx_word' id='word_1_223' title='bbox 240 2223 314 2258; x_wconf 88' lang='lat' dir='ltr'>suam</span> <span class='ocrx_word' id='word_1_224' title='bbox 328 2223 464 2275; x_wconf 88' lang='lat' dir='ltr'>quemque</span> <span class='ocrx_word' id='word_1_225' title='bbox 476 2205 575 2258; x_wconf 88' lang='lat' dir='ltr'>habere</span> <span class='ocrx_word' id='word_1_226' title='bbox 588 2205 728 2258; x_wconf 86' lang='lat' dir='ltr'>fortunam.</span> <span class='ocrx_word' id='word_1_227' title='bbox 765 2205 789 2258; x_wconf 88' lang='lat' dir='ltr'>Si</span> <span class='ocrx_word' id='word_1_228' title='bbox 808 2207 900 2258; x_wconf 87' lang='lat' dir='ltr'>venire</span> <span class='ocrx_word' id='word_1_229' title='bbox 921 2224 951 2258; x_wconf 86' lang='lat' dir='ltr'>se</span> <span class='ocrx_word' id='word_1_230' title='bbox 969 2207 1081 2277; x_wconf 84' lang='lat' dir='ltr'>juberet,</span> 
     </span>
     <span class='ocr_line' id='line_1_30' title="bbox 173 2276 1081 2343; baseline 0.007 -17"><span class='ocrx_word' id='word_1_231' title='bbox 173 2277 230 2327; x_wconf 89' lang='lat' dir='ltr'>sine</span> <span class='ocrx_word' id='word_1_232' title='bbox 254 2285 327 2327; x_wconf 89' lang='lat' dir='ltr'>metu</span> <span class='ocrx_word' id='word_1_233' title='bbox 351 2293 410 2327; x_wconf 90' lang='lat' dir='ltr'>esse</span> <span class='ocrx_word' id='word_1_234' title='bbox 433 2284 583 2328; x_wconf 83' lang='lat' dir='ltr'>venturum.</span> <span class='ocrx_word' id='word_1_235' title='bbox 619 2277 677 2328; x_wconf 90' lang='lat' dir='ltr'>Non</span> <span class='ocrx_word' id='word_1_236' title='bbox 702 2276 803 2343; x_wconf 89' lang='lat' dir='ltr'>timere,</span> <span class='ocrx_word' id='word_1_237' title='bbox 824 2292 858 2327; x_wconf 88' lang='lat' dir='ltr'>ne</span> <span class='ocrx_word' id='word_1_238' title='bbox 882 2276 965 2330; x_wconf 86' lang='lat' dir='ltr'>fidem</span> <span class='ocrx_word' id='word_1_239' title='bbox 989 2279 1081 2332; x_wconf 86' lang='lat' dir='ltr'>datam</span> 
     </span>
    </p>
   </div>
   <div class='ocr_carea' id='block_1_3' title="bbox 201 2409 817 2471">
    <p class='ocr_par' dir='ltr' id='par_1_4' title="bbox 201 2409 817 2471">
     <span class='ocr_line' id='line_1_31' title="bbox 201 2409 817 2471; baseline 0.005 -15"><span class='ocrx_word' id='word_1_240' title='bbox 201 2415 209 2438; x_wconf 89' lang='lat'><em>¹</em></span> <span class='ocrx_word' id='word_1_241' title='bbox 219 2409 364 2471; x_wconf 83' lang='lat' dir='ltr'>Dispenscre</span> <span class='ocrx_word' id='word_1_242' title='bbox 374 2409 468 2467; x_wconf 89' lang='lat' dir='ltr'>implies</span> <span class='ocrx_word' id='word_1_243' title='bbox 476 2410 527 2468; x_wconf 85' lang='lat' dir='ltr'>just</span> <span class='ocrx_word' id='word_1_244' title='bbox 539 2425 566 2456; x_wconf 92' lang='lat' dir='ltr'>or</span> <span class='ocrx_word' id='word_1_245' title='bbox 576 2410 647 2468; x_wconf 87' lang='lat' dir='ltr'>equal</span> <span class='ocrx_word' id='word_1_246' title='bbox 657 2411 817 2460; x_wconf 87' lang='lat' dir='ltr'>distribution.</span> 
     </span>
    </p>
   </div>
   <div class='ocr_carea' id='block_1_4' title="bbox 172 2473 1079 2757">
    <p class='ocr_par' dir='ltr' id='par_1_5' title="bbox 172 2473 1079 2757">
     <span class='ocr_line' id='line_1_32' title="bbox 200 2473 1079 2533; baseline 0.009 -13"><span class='ocrx_word' id='word_1_247' title='bbox 200 2478 211 2502; x_wconf 75' lang='lat'>²</span> <span class='ocrx_word' id='word_1_248' title='bbox 223 2473 320 2522; x_wconf 74' lang='lat' dir='ltr'>Terrore</span> <span class='ocrx_word' id='word_1_249' title='bbox 330 2489 412 2522; x_wconf 91' lang='lat' dir='ltr'>means</span> <span class='ocrx_word' id='word_1_250' title='bbox 425 2478 464 2520; x_wconf 86' lang='lat' dir='ltr'>‘to</span> <span class='ocrx_word' id='word_1_251' title='bbox 475 2474 547 2520; x_wconf 87' lang='lat' dir='ltr'>roast&#39;</span> <span class='ocrx_word' id='word_1_252' title='bbox 560 2489 587 2520; x_wconf 89' lang='lat' dir='ltr'>or</span> <span class='ocrx_word' id='word_1_253' title='bbox 600 2475 705 2532; x_wconf 67' lang='lat' dir='ltr'>‘perch’</span> <span class='ocrx_word' id='word_1_254' title='bbox 726 2481 767 2523; x_wconf 91' lang='lat' dir='ltr'>‘to</span> <span class='ocrx_word' id='word_1_255' title='bbox 783 2478 813 2524; x_wconf 90' lang='lat' dir='ltr'>be</span> <span class='ocrx_word' id='word_1_256' title='bbox 828 2475 932 2524; x_wconf 64' lang='lat' dir='ltr'>hesed!</span> <span class='ocrx_word' id='word_1_257' title='bbox 969 2478 1079 2533; x_wconf 75' lang='lat' dir='ltr'>Terrena,</span> 
     </span>
     <span class='ocr_line' id='line_1_33' title="bbox 172 2532 1076 2596; baseline 0.009 -18"><span class='ocrx_word' id='word_1_258' title='bbox 172 2533 251 2580; x_wconf 86' lang='lat' dir='ltr'>which</span> <span class='ocrx_word' id='word_1_259' title='bbox 263 2534 319 2592; x_wconf 85' lang='lat' dir='ltr'>(just</span> <span class='ocrx_word' id='word_1_260' title='bbox 332 2536 450 2580; x_wconf 79' lang='lat' dir='ltr'>asaelem</span> <span class='ocrx_word' id='word_1_261' title='bbox 462 2532 482 2578; x_wconf 87' lang='lat' dir='ltr'>is</span> <span class='ocrx_word' id='word_1_262' title='bbox 494 2533 633 2580; x_wconf 88' lang='lat' dir='ltr'>sometimes</span> <span class='ocrx_word' id='word_1_263' title='bbox 645 2534 704 2582; x_wconf 88' lang='lat' dir='ltr'>used</span> <span class='ocrx_word' id='word_1_264' title='bbox 715 2551 741 2582; x_wconf 88' lang='lat' dir='ltr'>as</span> <span class='ocrx_word' id='word_1_265' title='bbox 753 2535 793 2582; x_wconf 89' lang='lat' dir='ltr'>the</span> <span class='ocrx_word' id='word_1_266' title='bbox 805 2535 927 2594; x_wconf 90' lang='lat' dir='ltr'>participle</span> <span class='ocrx_word' id='word_1_267' title='bbox 939 2537 1076 2596; x_wconf 83' lang='lat' dir='ltr'>presentes</span> 
     </span>
     <span class='ocr_line' id='line_1_34' title="bbox 172 2589 1079 2661; baseline 0.006 -22"><span class='ocrx_word' id='word_1_268' title='bbox 172 2596 258 2646; x_wconf 80' lang='lat' dir='ltr'>volero,</span> <span class='ocrx_word' id='word_1_269' title='bbox 275 2591 414 2639; x_wconf 85' lang='lat' dir='ltr'>sometimes</span> <span class='ocrx_word' id='word_1_270' title='bbox 430 2589 457 2638; x_wconf 86' lang='lat' dir='ltr'>ot</span> <span class='ocrx_word' id='word_1_271' title='bbox 469 2592 526 2658; x_wconf 67' lang='lat' dir='ltr'>vehi)</span> <span class='ocrx_word' id='word_1_272' title='bbox 543 2607 598 2651; x_wconf 90' lang='lat' dir='ltr'>may</span> <span class='ocrx_word' id='word_1_273' title='bbox 615 2594 644 2640; x_wconf 91' lang='lat' dir='ltr'>be</span> <span class='ocrx_word' id='word_1_274' title='bbox 661 2593 701 2640; x_wconf 91' lang='lat' dir='ltr'>the</span> <span class='ocrx_word' id='word_1_275' title='bbox 718 2593 840 2661; x_wconf 82' lang='lat' dir='ltr'>participle</span> <span class='ocrx_word' id='word_1_276' title='bbox 856 2593 884 2640; x_wconf 87' lang='lat' dir='ltr'>of</span> <span class='ocrx_word' id='word_1_277' title='bbox 895 2599 990 2650; x_wconf 84' lang='lat' dir='ltr'>torreri,</span> <span class='ocrx_word' id='word_1_278' title='bbox 1004 2597 1024 2645; x_wconf 92' lang='lat' dir='ltr'>is</span> <span class='ocrx_word' id='word_1_279' title='bbox 1041 2597 1079 2644; x_wconf 92' lang='lat' dir='ltr'>the</span> 
     </span>
     <span class='ocr_line' id='line_1_35' title="bbox 173 2649 1078 2712; baseline 0.004 -12"><span class='ocrx_word' id='word_1_280' title='bbox 173 2652 284 2712; x_wconf 84' lang='lat' dir='ltr'>standing</span> <span class='ocrx_word' id='word_1_281' title='bbox 301 2661 360 2698; x_wconf 88' lang='lat' dir='ltr'>term</span> <span class='ocrx_word' id='word_1_282' title='bbox 376 2650 411 2697; x_wconf 88' lang='lat' dir='ltr'>lor</span> <span class='ocrx_word' id='word_1_283' title='bbox 427 2666 440 2696; x_wconf 88' lang='lat' dir='ltr'>a</span> <span class='ocrx_word' id='word_1_284' title='bbox 456 2649 530 2708; x_wconf 85' lang='lat' dir='ltr'>raprd,</span> <span class='ocrx_word' id='word_1_285' title='bbox 549 2651 686 2710; x_wconf 90' lang='lat' dir='ltr'>impetuous</span> <span class='ocrx_word' id='word_1_286' title='bbox 702 2663 826 2700; x_wconf 78' lang='lat' dir='ltr'>mountain</span> <span class='ocrx_word' id='word_1_287' title='bbox 841 2663 939 2700; x_wconf 87' lang='lat' dir='ltr'>stream.</span> <span class='ocrx_word' id='word_1_288' title='bbox 973 2655 1022 2704; x_wconf 90' lang='lat' dir='ltr'>We</span> <span class='ocrx_word' id='word_1_289' title='bbox 1038 2670 1078 2705; x_wconf 86' lang='lat' dir='ltr'>use</span> 
     </span>
     <span class='ocr_line' id='line_1_36' title="bbox 174 2710 541 2757; baseline 0 -1"><span class='ocrx_word' id='word_1_290' title='bbox 174 2711 287 2757; x_wconf 86' lang='lat' dir='ltr'>‘torrent&#39;</span> <span class='ocrx_word' id='word_1_291' title='bbox 301 2712 323 2757; x_wconf 91' lang='lat' dir='ltr'>in</span> <span class='ocrx_word' id='word_1_292' title='bbox 336 2710 375 2757; x_wconf 90' lang='lat' dir='ltr'>the</span> <span class='ocrx_word' id='word_1_293' title='bbox 386 2724 452 2756; x_wconf 87' lang='lat' dir='ltr'>same</span> <span class='ocrx_word' id='word_1_294' title='bbox 463 2723 541 2756; x_wconf 89' lang='lat' dir='ltr'>sense.</span> 
     </span>
    </p>
   </div>
   <div class='ocr_carea' id='block_1_5' title="bbox 171 2773 1078 3155">
    <p class='ocr_par' dir='ltr' id='par_1_6' title="bbox 200 2773 401 2836">
     <span class='ocr_line' id='line_1_37' title="bbox 200 2773 401 2836; baseline -0.005 -13"><span class='ocrx_word' id='word_1_295' title='bbox 200 2779 209 2802; x_wconf 83' lang='lat'><em>²</em></span> <span class='ocrx_word' id='word_1_296' title='bbox 220 2773 401 2836; x_wconf 83' lang='lat' dir='ltr'>Undergrouud.</span> 
     </span>
    </p>

    <p class='ocr_par' dir='ltr' id='par_1_7' title="bbox 171 2839 1078 2947">
     <span class='ocr_line' id='line_1_38' title="bbox 201 2839 1078 2906; baseline 0.002 -18"><span class='ocrx_word' id='word_1_297' title='bbox 201 2840 276 2888; x_wconf 84' lang='lat' dir='ltr'>‘Just</span> <span class='ocrx_word' id='word_1_298' title='bbox 288 2856 314 2888; x_wconf 86' lang='lat' dir='ltr'>as</span> <span class='ocrx_word' id='word_1_299' title='bbox 325 2843 377 2894; x_wconf 83' lang='lat' dir='ltr'>iter,</span> <span class='ocrx_word' id='word_1_300' title='bbox 390 2842 451 2888; x_wconf 82' lang='lat' dir='ltr'>eiam</span> <span class='ocrx_word' id='word_1_301' title='bbox 462 2841 590 2896; x_wconf 79' lang='lat' dir='ltr'>intendere,</span> <span class='ocrx_word' id='word_1_302' title='bbox 603 2855 630 2888; x_wconf 88' lang='lat' dir='ltr'>so</span> <span class='ocrx_word' id='word_1_303' title='bbox 646 2839 697 2888; x_wconf 88' lang='lat' dir='ltr'>also</span> <span class='ocrx_word' id='word_1_304' title='bbox 712 2841 803 2888; x_wconf 80' lang='lat' dir='ltr'>alveum</span> <span class='ocrx_word' id='word_1_305' title='bbox 814 2841 942 2898; x_wconf 82' lang='lat' dir='ltr'>intendere,</span> <span class='ocrx_word' id='word_1_306' title='bbox 958 2847 1000 2891; x_wconf 87' lang='lat' dir='ltr'>‘to</span> <span class='ocrx_word' id='word_1_307' title='bbox 1011 2843 1078 2906; x_wconf 62' lang='lat' dir='ltr'>begin</span> 
     </span>
     <span class='ocr_line' id='line_1_39' title="bbox 171 2900 379 2947; baseline 0 -1"><span class='ocrx_word' id='word_1_308' title='bbox 171 2914 185 2946; x_wconf 82' lang='lat' dir='ltr'>a</span> <span class='ocrx_word' id='word_1_309' title='bbox 196 2915 251 2947; x_wconf 84' lang='lat' dir='ltr'>new</span> <span class='ocrx_word' id='word_1_310' title='bbox 262 2900 379 2947; x_wconf 60' lang='lat' dir='ltr'>chanuel?</span> 
     </span>
    </p>

    <p class='ocr_par' dir='ltr' id='par_1_8' title="bbox 203 2961 607 3022">
     <span class='ocr_line' id='line_1_40' title="bbox 203 2961 607 3022; baseline -0.005 -12"><span class='ocrx_word' id='word_1_311' title='bbox 203 2970 212 2994; x_wconf 82' lang='lat'>⁸</span> <span class='ocrx_word' id='word_1_312' title='bbox 223 2964 384 3022; x_wconf 73' lang='lat' dir='ltr'>‘Appeared&#39;</span> <span class='ocrx_word' id='word_1_313' title='bbox 400 2969 481 3011; x_wconf 87' lang='lat' dir='ltr'>‘came</span> <span class='ocrx_word' id='word_1_314' title='bbox 493 2973 518 3010; x_wconf 92' lang='lat' dir='ltr'>to</span> <span class='ocrx_word' id='word_1_315' title='bbox 529 2961 607 3022; x_wconf 66' lang='lat' dir='ltr'>light.l</span> 
     </span>
    </p>

    <p class='ocr_par' dir='ltr' id='par_1_9' title="bbox 200 3025 1041 3083">
     <span class='ocr_line' id='line_1_41' title="bbox 200 3025 1041 3083; baseline 0.005 -8"><span class='ocrx_word' id='word_1_316' title='bbox 200 3034 209 3058; x_wconf 84' lang='lat'>⁸</span> <span class='ocrx_word' id='word_1_317' title='bbox 222 3027 263 3075; x_wconf 86' lang='lat' dir='ltr'>No</span> <span class='ocrx_word' id='word_1_318' title='bbox 273 3029 346 3076; x_wconf 90' lang='lat' dir='ltr'>doubt</span> <span class='ocrx_word' id='word_1_319' title='bbox 358 3027 488 3083; x_wconf 81' lang='lat' dir='ltr'>criminals,</span> <span class='ocrx_word' id='word_1_320' title='bbox 501 3043 556 3075; x_wconf 88' lang='lat' dir='ltr'>rnen</span> <span class='ocrx_word' id='word_1_321' title='bbox 569 3026 623 3073; x_wconf 87' lang='lat' dir='ltr'>who</span> <span class='ocrx_word' id='word_1_322' title='bbox 633 3025 680 3073; x_wconf 91' lang='lat' dir='ltr'>had</span> <span class='ocrx_word' id='word_1_323' title='bbox 691 3027 753 3074; x_wconf 87' lang='lat' dir='ltr'>been</span> <span class='ocrx_word' id='word_1_324' title='bbox 763 3027 912 3076; x_wconf 87' lang='lat' dir='ltr'>condemned</span> <span class='ocrx_word' id='word_1_325' title='bbox 923 3038 949 3077; x_wconf 91' lang='lat' dir='ltr'>to</span> <span class='ocrx_word' id='word_1_326' title='bbox 960 3030 1041 3079; x_wconf 86' lang='lat' dir='ltr'>death.</span> 
     </span>
    </p>

    <p class='ocr_par' dir='ltr' id='par_1_10' title="bbox 202 3090 1075 3155">
     <span class='ocr_line' id='line_1_42' title="bbox 202 3090 1075 3155; baseline 0.006 -17"><span class='ocrx_word' id='word_1_327' title='bbox 202 3096 210 3117; x_wconf 75' lang='lat'><strong>¹</strong></span> <span class='ocrx_word' id='word_1_328' title='bbox 224 3098 229 3117; x_wconf 88' lang='lat'>‘</span> <span class='ocrx_word' id='word_1_329' title='bbox 239 3091 304 3151; x_wconf 87' lang='lat' dir='ltr'>Nay,</span> <span class='ocrx_word' id='word_1_330' title='bbox 314 3093 364 3140; x_wconf 89' lang='lat' dir='ltr'>that</span> <span class='ocrx_word' id='word_1_331' title='bbox 371 3093 449 3141; x_wconf 89' lang='lat' dir='ltr'>onthe</span> <span class='ocrx_word' id='word_1_332' title='bbox 457 3103 566 3151; x_wconf 85' lang='lat' dir='ltr'>contrary</span> <span class='ocrx_word' id='word_1_333' title='bbox 574 3090 603 3138; x_wconf 85' lang='lat' dir='ltr'>lte</span> <span class='ocrx_word' id='word_1_334' title='bbox 612 3090 659 3139; x_wconf 91' lang='lat' dir='ltr'>had</span> <span class='ocrx_word' id='word_1_335' title='bbox 666 3105 727 3138; x_wconf 91' lang='lat' dir='ltr'>even</span> <span class='ocrx_word' id='word_1_336' title='bbox 734 3091 906 3140; x_wconf 86' lang='lat' dir='ltr'>adrisedhim.’</span> <span class='ocrx_word' id='word_1_337' title='bbox 925 3093 972 3141; x_wconf 87' lang='lat' dir='ltr'>See</span> <span class='ocrx_word' id='word_1_338' title='bbox 981 3095 1075 3155; x_wconf 82' lang='lat' dir='ltr'>Zumpt,</span> 
     </span>
    </p>
   </div>
   <div class='ocr_carea' id='block_1_6' title="bbox 172 3149 1121 3328">
    <p class='ocr_par' dir='ltr' id='par_1_11' title="bbox 172 3149 1121 3328">
     <span class='ocr_line' id='line_1_43' title="bbox 172 3149 1121 3274; baseline 0.006 -20"><span class='ocrx_word' id='word_1_339' title='bbox 172 3149 186 3200; x_wconf 51' lang='lat' dir='ltr'>i</span> <span class='ocrx_word' id='word_1_340' title='bbox 197 3153 259 3255; x_wconf 53' lang='lat' dir='ltr'>iiie</span> <span class='ocrx_word' id='word_1_341' title='bbox 266 3207 369 3256; x_wconf 88' lang='lat' dir='ltr'>reclrons</span> <span class='ocrx_word' id='word_1_342' title='bbox 377 3209 437 3257; x_wconf 84' lang='lat' dir='ltr'>irem</span> <span class='ocrx_word' id='word_1_343' title='bbox 446 3210 486 3256; x_wconf 89' lang='lat' dir='ltr'>the</span> <span class='ocrx_word' id='word_1_344' title='bbox 496 3208 588 3256; x_wconf 85' lang='lat' dir='ltr'>timaei</span> <span class='ocrx_word' id='word_1_345' title='bbox 592 3208 671 3268; x_wconf 88' lang='lat' dir='ltr'>Cyrus</span> <span class='ocrx_word' id='word_1_346' title='bbox 679 3207 719 3256; x_wconf 88' lang='lat' dir='ltr'>tlte</span> <span class='ocrx_word' id='word_1_347' title='bbox 727 3208 810 3265; x_wconf 88' lang='lat' dir='ltr'>Great,</span> <span class='ocrx_word' id='word_1_348' title='bbox 821 3209 877 3257; x_wconf 81' lang='lat' dir='ltr'>who</span> <span class='ocrx_word' id='word_1_349' title='bbox 884 3212 962 3271; x_wconf 81' lang='lat' dir='ltr'>began</span> <span class='ocrx_word' id='word_1_350' title='bbox 969 3221 996 3259; x_wconf 93' lang='lat' dir='ltr'>to</span> <span class='ocrx_word' id='word_1_351' title='bbox 1003 3212 1074 3274; x_wconf 65' lang='lat' dir='ltr'>reign,</span> <span class='ocrx_word' id='word_1_352' title='bbox 1117 3217 1121 3238; x_wconf 78' lang='lat'><strong>¹</strong></span> 
     </span>
     <span class='ocr_line' id='line_1_44' title="bbox 172 3265 1120 3328; baseline 0.002 -14"><span class='ocrx_word' id='word_1_353' title='bbox 172 3265 299 3325; x_wconf 82' lang='lat' dir='ltr'>according</span> <span class='ocrx_word' id='word_1_354' title='bbox 310 3277 335 3313; x_wconf 86' lang='lat' dir='ltr'>to</span> <span class='ocrx_word' id='word_1_355' title='bbox 346 3268 387 3314; x_wconf 86' lang='lat' dir='ltr'>the</span> <span class='ocrx_word' id='word_1_356' title='bbox 398 3277 461 3314; x_wconf 90' lang='lat' dir='ltr'>most</span> <span class='ocrx_word' id='word_1_357' title='bbox 472 3277 582 3315; x_wconf 85' lang='lat' dir='ltr'>accurate</span> <span class='ocrx_word' id='word_1_358' title='bbox 593 3267 756 3324; x_wconf 83' lang='lat' dir='ltr'>calculatione,</span> <span class='ocrx_word' id='word_1_359' title='bbox 769 3267 793 3315; x_wconf 92' lang='lat' dir='ltr'>in</span> <span class='ocrx_word' id='word_1_360' title='bbox 804 3267 845 3316; x_wconf 89' lang='lat' dir='ltr'>the</span> <span class='ocrx_word' id='word_1_361' title='bbox 856 3284 914 3328; x_wconf 87' lang='lat' dir='ltr'>year</span> <span class='ocrx_word' id='word_1_362' title='bbox 924 3273 971 3318; x_wconf 81' lang='lat'>⁵60</span> <span class='ocrx_word' id='word_1_363' title='bbox 980 3286 1005 3319; x_wconf 79' lang='lat' dir='ltr'>a.</span> <span class='ocrx_word' id='word_1_364' title='bbox 1014 3286 1036 3319; x_wconf 87' lang='lat' dir='ltr'>c.</span> <span class='ocrx_word' id='word_1_365' title='bbox 1119 3311 1120 3316; x_wconf 74' lang='grc'>,</span> 
     </span>
    </p>
   </div>
   <div class='ocr_carea' id='block_1_7' title="bbox 173 3335 1076 3454">
    <p class='ocr_par' dir='ltr' id='par_1_12' title="bbox 173 3335 1076 3454">
     <span class='ocr_line' id='line_1_45' title="bbox 201 3335 1076 3398; baseline 0.008 -16"><span class='ocrx_word' id='word_1_366' title='bbox 201 3340 211 3364; x_wconf 85' lang='lat'><em>⁰</em></span> <span class='ocrx_word' id='word_1_367' title='bbox 223 3335 304 3382; x_wconf 85' lang='lat' dir='ltr'>‘That</span> <span class='ocrx_word' id='word_1_368' title='bbox 320 3335 351 3382; x_wconf 90' lang='lat' dir='ltr'>he</span> <span class='ocrx_word' id='word_1_369' title='bbox 367 3335 413 3382; x_wconf 88' lang='lat' dir='ltr'>had</span> <span class='ocrx_word' id='word_1_370' title='bbox 425 3335 505 3382; x_wconf 88' lang='lat' dir='ltr'>rather</span> <span class='ocrx_word' id='word_1_371' title='bbox 515 3337 576 3384; x_wconf 89' lang='lat' dir='ltr'>been</span> <span class='ocrx_word' id='word_1_372' title='bbox 591 3335 671 3384; x_wconf 81' lang='lat' dir='ltr'>forced</span> <span class='ocrx_word' id='word_1_373' title='bbox 682 3346 707 3384; x_wconf 87' lang='lat' dir='ltr'>to</span> <span class='ocrx_word' id='word_1_374' title='bbox 717 3336 748 3384; x_wconf 91' lang='lat' dir='ltr'>do</span> <span class='ocrx_word' id='word_1_375' title='bbox 763 3335 832 3384; x_wconf 90' lang='lat' dir='ltr'>these</span> <span class='ocrx_word' id='word_1_376' title='bbox 847 3337 948 3398; x_wconf 80' lang='lat' dir='ltr'>things,’</span> <span class='ocrx_word' id='word_1_377' title='bbox 964 3339 1034 3388; x_wconf 85' lang='lat' dir='ltr'>‘that</span> <span class='ocrx_word' id='word_1_378' title='bbox 1048 3338 1076 3388; x_wconf 83' lang='lat' dir='ltr'>lte</span> 
     </span>
     <span class='ocr_line' id='line_1_46' title="bbox 173 3392 1076 3454; baseline 0.01 -15"><span class='ocrx_word' id='word_1_379' title='bbox 173 3392 219 3440; x_wconf 90' lang='lat' dir='ltr'>had</span> <span class='ocrx_word' id='word_1_380' title='bbox 231 3393 299 3440; x_wconf 90' lang='lat' dir='ltr'>acted</span> <span class='ocrx_word' id='word_1_381' title='bbox 310 3409 337 3440; x_wconf 88' lang='lat' dir='ltr'>as</span> <span class='ocrx_word' id='word_1_382' title='bbox 348 3393 378 3439; x_wconf 91' lang='lat' dir='ltr'>he</span> <span class='ocrx_word' id='word_1_383' title='bbox 389 3392 435 3439; x_wconf 89' lang='lat' dir='ltr'>had</span> <span class='ocrx_word' id='word_1_384' title='bbox 446 3393 507 3439; x_wconf 89' lang='lat' dir='ltr'>done</span> <span class='ocrx_word' id='word_1_385' title='bbox 518 3393 579 3441; x_wconf 90' lang='lat' dir='ltr'>srom</span> <span class='ocrx_word' id='word_1_386' title='bbox 590 3395 711 3454; x_wconf 88' lang='lat' dir='ltr'>necessity</span> <span class='ocrx_word' id='word_1_387' title='bbox 720 3396 799 3443; x_wconf 90' lang='lat' dir='ltr'>rather</span> <span class='ocrx_word' id='word_1_388' title='bbox 807 3396 863 3444; x_wconf 90' lang='lat' dir='ltr'>than</span> <span class='ocrx_word' id='word_1_389' title='bbox 870 3396 971 3445; x_wconf 65' lang='lat' dir='ltr'>choica!</span> <span class='ocrx_word' id='word_1_390' title='bbox 1005 3399 1043 3448; x_wconf 82' lang='lat' dir='ltr'>Aa</span> <span class='ocrx_word' id='word_1_391' title='bbox 1052 3407 1076 3447; x_wconf 81' lang='lat' dir='ltr'>to</span> 
     </span>
    </p>
   </div>
   <div class='ocr_carea' id='block_1_8' title="bbox 173 3450 910 3511">
    <p class='ocr_par' dir='ltr' id='par_1_13' title="bbox 173 3450 910 3511">
     <span class='ocr_line' id='line_1_47' title="bbox 173 3450 910 3511; baseline 0.008 -15"><span class='ocrx_word' id='word_1_392' title='bbox 173 3453 239 3508; x_wconf 80' lang='lat' dir='ltr'>sequi</span> <span class='ocrx_word' id='word_1_393' title='bbox 249 3451 309 3498; x_wconf 85' lang='lat' dir='ltr'>used</span> <span class='ocrx_word' id='word_1_394' title='bbox 321 3467 347 3498; x_wconf 89' lang='lat' dir='ltr'>as</span> <span class='ocrx_word' id='word_1_395' title='bbox 358 3450 453 3509; x_wconf 84' lang='lat' dir='ltr'>passive</span> <span class='ocrx_word' id='word_1_396' title='bbox 464 3458 489 3496; x_wconf 88' lang='lat' dir='ltr'>to</span> <span class='ocrx_word' id='word_1_397' title='bbox 498 3455 596 3507; x_wconf 74' lang='lat' dir='ltr'>trahere,</span> <span class='ocrx_word' id='word_1_398' title='bbox 609 3467 719 3510; x_wconf 84' lang='lat' dir='ltr'>compare</span> <span class='ocrx_word' id='word_1_399' title='bbox 730 3469 753 3501; x_wconf 84' lang='lat' dir='ltr'>v.</span> <span class='ocrx_word' id='word_1_400' title='bbox 766 3458 802 3511; x_wconf 86' lang='lat'>15,</span> <span class='ocrx_word' id='word_1_401' title='bbox 814 3457 847 3504; x_wconf 84' lang='lat' dir='ltr'>cd</span> <span class='ocrx_word' id='word_1_402' title='bbox 856 3456 910 3503; x_wconf 77' lang='lat' dir='ltr'>init.</span> 
     </span>
    </p>
   </div>
   <div class='ocr_carea' id='block_1_9' title="bbox 0 0 1144 3846">
    <p class='ocr_par' dir='ltr' id='par_1_14' title="bbox 0 0 1144 3846">
     <span class='ocr_line' id='line_1_48' title="bbox 0 0 1144 3846; baseline 0 1"><span class='ocrx_word' id='word_1_403' title='bbox 0 0 1144 3846; x_wconf 95' lang='lat' dir='ltr'> </span> 
     </span>
    </p>
   </div>
  </div>
 </body>
</html>
