<?xml version="1.0" encoding="UTF-8"?>
<!DOCTYPE html PUBLIC "-//W3C//DTD XHTML 1.0 Transitional//EN"
    "http://www.w3.org/TR/xhtml1/DTD/xhtml1-transitional.dtd">
<html xmlns="http://www.w3.org/1999/xhtml" xml:lang="en" lang="en">
 <head>
  <title>
</title>
<meta http-equiv="Content-Type" content="text/html;charset=utf-8" />
  <meta name='ocr-system' content='tesseract 3.04.00' />
  <meta name='ocr-capabilities' content='ocr_page ocr_carea ocr_par ocr_line ocrx_word'/>
</head>
<body>
  <div class='ocr_page' id='page_1' title='image "./qcurtiirufidege02rufugoog_0277.png"; bbox 0 0 2294 3842; ppageno 0'>
   <div class='ocr_carea' id='block_1_1' title="bbox 465 233 1003 290">
    <p class='ocr_par' dir='ltr' id='par_1_1' title="bbox 465 233 1003 290">
     <span class='ocr_line' id='line_1_1' title="bbox 465 233 1003 290; baseline 0.006 -3"><span class='ocrx_word' id='word_1_1' title='bbox 465 247 559 288; x_wconf 81' lang='lat' dir='ltr'>arasa</span> <span class='ocrx_word' id='word_1_2' title='bbox 577 249 621 289; x_wconf 86' lang='lat' dir='ltr'>rx.</span> <span class='ocrx_word' id='word_1_3' title='bbox 944 233 1003 290; x_wconf 76' lang='grc'>267</span> 
     </span>
    </p>
   </div>
   <div class='ocr_carea' id='block_1_2' title="bbox 8 353 1027 2512">
    <p class='ocr_par' dir='ltr' id='par_1_2' title="bbox 8 353 1027 2512">
     <span class='ocr_line' id='line_1_2' title="bbox 83 353 1004 435; baseline 0.003 -28"><span class='ocrx_word' id='word_1_4' title='bbox 83 370 187 424; x_wconf 88' lang='lat' dir='ltr'>eorum,</span> <span class='ocrx_word' id='word_1_5' title='bbox 208 353 307 426; x_wconf 90' lang='lat' dir='ltr'>quibus</span> <span class='ocrx_word' id='word_1_6' title='bbox 325 355 462 435; x_wconf 88' lang='lat' dir='ltr'>spectandi</span> <span class='ocrx_word' id='word_1_7' title='bbox 486 355 627 410; x_wconf 80' lang='lat' dir='ltr'>infantium</span> <span class='ocrx_word' id='word_1_8' title='bbox 647 354 770 410; x_wconf 80' lang='lat' dir='ltr'>lubitum</span> <span class='ocrx_word' id='word_1_9' title='bbox 789 370 853 409; x_wconf 91' lang='lat' dir='ltr'>cura</span> <span class='ocrx_word' id='word_1_10' title='bbox 876 357 1004 411; x_wconf 89' lang='lat' dir='ltr'>mandata</span> 
     </span>
     <span class='ocr_line' id='line_1_3' title="bbox 83 425 1004 503; baseline 0.002 -26"><span class='ocrx_word' id='word_1_11' title='bbox 83 433 133 478; x_wconf 88' lang='lat' dir='ltr'>est.</span> <span class='ocrx_word' id='word_1_12' title='bbox 170 425 198 478; x_wconf 84' lang='lat' dir='ltr'>si</span> <span class='ocrx_word' id='word_1_13' title='bbox 216 442 284 494; x_wconf 90' lang='lat' dir='ltr'>quos</span> <span class='ocrx_word' id='word_1_14' title='bbox 296 425 422 494; x_wconf 80' lang='lat' dir='ltr'>insignes¹</span> <span class='ocrx_word' id='word_1_15' title='bbox 434 434 480 479; x_wconf 90' lang='lat' dir='ltr'>aut</span> <span class='ocrx_word' id='word_1_16' title='bbox 498 427 586 496; x_wconf 88' lang='lat' dir='ltr'>aliqua</span> <span class='ocrx_word' id='word_1_17' title='bbox 603 435 678 503; x_wconf 89' lang='lat' dir='ltr'>parte</span> <span class='ocrx_word' id='word_1_18' title='bbox 696 425 877 480; x_wconf 88' lang='lat' dir='ltr'>membrorum</span> <span class='ocrx_word' id='word_1_19' title='bbox 896 427 1004 480; x_wconf 87' lang='lat' dir='ltr'>irrutiles</span> 
     </span>
     <span class='ocr_line' id='line_1_4' title="bbox 83 493 1004 566; baseline 0.002 -20"><span class='ocrx_word' id='word_1_20' title='bbox 83 502 253 564; x_wconf 86' lang='lat' dir='ltr'>notaverunt,</span> <span class='ocrx_word' id='word_1_21' title='bbox 275 495 363 547; x_wconf 90' lang='lat' dir='ltr'>necari</span> <span class='ocrx_word' id='word_1_22' title='bbox 386 493 488 563; x_wconf 87' lang='lat' dir='ltr'>jubent.</span> <span class='ocrx_word' id='word_1_23' title='bbox 525 495 634 566; x_wconf 81' lang='lat' dir='ltr'>Nuptiis</span> <span class='ocrx_word' id='word_1_24' title='bbox 656 501 752 548; x_wconf 74' lang='lat' dir='ltr'>coeunt</span> <span class='ocrx_word' id='word_1_25' title='bbox 775 511 827 547; x_wconf 93' lang='lat' dir='ltr'>non</span> <span class='ocrx_word' id='word_1_26' title='bbox 849 513 947 564; x_wconf 84' lang='lat' dir='ltr'>genere</span> <span class='ocrx_word' id='word_1_27' title='bbox 970 513 1004 548; x_wconf 92' lang='lat' dir='ltr'>ac</span> 
     </span>
     <span class='ocr_line' id='line_1_5' title="bbox 83 563 1003 635; baseline 0.002 -19"><span class='ocrx_word' id='word_1_28' title='bbox 83 563 224 618; x_wconf 89' lang='lat' dir='ltr'>nobilitate</span> <span class='ocrx_word' id='word_1_29' title='bbox 238 563 392 635; x_wconf 85' lang='lat' dir='ltr'>conjunctis,</span> <span class='ocrx_word' id='word_1_30' title='bbox 403 565 451 618; x_wconf 85' lang='lat' dir='ltr'>sed</span> <span class='ocrx_word' id='word_1_31' title='bbox 464 564 550 617; x_wconf 87' lang='lat' dir='ltr'>electa</span> <span class='ocrx_word' id='word_1_32' title='bbox 562 581 698 634; x_wconf 90' lang='lat' dir='ltr'>corporum</span> <span class='ocrx_word' id='word_1_33' title='bbox 712 563 822 634; x_wconf 70' lang='lat' dir='ltr'>specie,2</span> <span class='ocrx_word' id='word_1_34' title='bbox 832 565 894 633; x_wconf 89' lang='lat' dir='ltr'>quia</span> <span class='ocrx_word' id='word_1_35' title='bbox 907 565 1003 618; x_wconf 85' lang='lat' dir='ltr'>eadem</span> 
     </span>
     <span class='ocr_line' id='line_1_6' title="bbox 8 633 1004 704; baseline 0.003 -19"><span class='ocrx_word' id='word_1_36' title='bbox 8 677 9 680; x_wconf 62' lang='grc'>,</span> <span class='ocrx_word' id='word_1_37' title='bbox 83 634 245 688; x_wconf 89' lang='lat' dir='ltr'>aestimatur</span> <span class='ocrx_word' id='word_1_38' title='bbox 259 633 286 687; x_wconf 89' lang='lat' dir='ltr'>in</span> <span class='ocrx_word' id='word_1_39' title='bbox 302 633 400 686; x_wconf 90' lang='lat' dir='ltr'>liberis.</span> <span class='ocrx_word' id='word_1_40' title='bbox 437 633 523 704; x_wconf 81' lang='lat' dir='ltr'>Hujus</span> <span class='ocrx_word' id='word_1_41' title='bbox 540 636 628 703; x_wconf 88' lang='lat' dir='ltr'>gentis</span> <span class='ocrx_word' id='word_1_42' title='bbox 645 649 679 704; x_wconf 92' lang='lat' dir='ltr'>op</span> <span class='ocrx_word' id='word_1_43' title='bbox 699 633 781 703; x_wconf 89' lang='lat' dir='ltr'>idum,</span> <span class='ocrx_word' id='word_1_44' title='bbox 795 634 838 686; x_wconf 92' lang='lat' dir='ltr'>cui</span> <span class='ocrx_word' id='word_1_45' title='bbox 852 634 1004 688; x_wconf 83' lang='lat' dir='ltr'>Alexander</span> 
     </span>
     <span class='ocr_line' id='line_1_7' title="bbox 82 652 1003 774; baseline 0.004 -21"><span class='ocrx_word' id='word_1_46' title='bbox 82 701 243 757; x_wconf 88' lang='lat' dir='ltr'>admoverat</span> <span class='ocrx_word' id='word_1_47' title='bbox 268 703 364 773; x_wconf 89' lang='lat' dir='ltr'>copias,</span> <span class='ocrx_word' id='word_1_48' title='bbox 388 703 424 755; x_wconf 86' lang='lat' dir='ltr'>ab</span> <span class='ocrx_word' id='word_1_49' title='bbox 448 703 504 773; x_wconf 88' lang='lat' dir='ltr'>ipso</span> <span class='ocrx_word' id='word_1_50' title='bbox 530 704 638 774; x_wconf 81' lang='lat' dir='ltr'>Sopithe</span> <span class='ocrx_word' id='word_1_51' title='bbox 667 652 843 756; x_wconf 78' lang='lat' dir='ltr'>obtinebatur.</span> <span class='ocrx_word' id='word_1_52' title='bbox 891 704 1003 757; x_wconf 77' lang='lat' dir='ltr'>Clausae</span> 
     </span>
     <span class='ocr_line' id='line_1_8' title="bbox 84 773 1003 849; baseline 0.003 -26"><span class='ocrx_word' id='word_1_53' title='bbox 84 780 160 824; x_wconf 88' lang='lat' dir='ltr'>erant</span> <span class='ocrx_word' id='word_1_54' title='bbox 172 781 276 849; x_wconf 88' lang='lat' dir='ltr'>portae,</span> <span class='ocrx_word' id='word_1_55' title='bbox 290 773 337 824; x_wconf 90' lang='lat' dir='ltr'>sed</span> <span class='ocrx_word' id='word_1_56' title='bbox 350 773 414 826; x_wconf 89' lang='lat' dir='ltr'>nulli</span> <span class='ocrx_word' id='word_1_57' title='bbox 426 773 453 825; x_wconf 92' lang='lat' dir='ltr'>in</span> <span class='ocrx_word' id='word_1_58' title='bbox 471 773 553 826; x_wconf 89' lang='lat' dir='ltr'>muris</span> <span class='ocrx_word' id='word_1_59' title='bbox 572 773 739 842; x_wconf 90' lang='lat' dir='ltr'>turribusque</span> <span class='ocrx_word' id='word_1_60' title='bbox 757 789 786 825; x_wconf 91' lang='lat' dir='ltr'>se</span> <span class='ocrx_word' id='word_1_61' title='bbox 805 773 899 825; x_wconf 92' lang='lat' dir='ltr'>armati</span> <span class='ocrx_word' id='word_1_62' title='bbox 918 784 1003 826; x_wconf 89' lang='lat' dir='ltr'>osten·</span> 
     </span>
     <span class='ocr_line' id='line_1_9' title="bbox 83 840 1003 912; baseline 0.002 -19"><span class='ocrx_word' id='word_1_63' title='bbox 83 840 194 912; x_wconf 81' lang='lat' dir='ltr'>debant,</span> <span class='ocrx_word' id='word_1_64' title='bbox 220 841 430 912; x_wconf 78' lang='lat' dir='ltr'>dubitabantque</span> <span class='ocrx_word' id='word_1_65' title='bbox 451 843 624 912; x_wconf 81' lang='lat' dir='ltr'>Macedones,</span> <span class='ocrx_word' id='word_1_66' title='bbox 645 841 823 895; x_wconf 87' lang='lat' dir='ltr'>deseruissent</span> <span class='ocrx_word' id='word_1_67' title='bbox 846 843 941 895; x_wconf 89' lang='lat' dir='ltr'>urbem</span> <span class='ocrx_word' id='word_1_68' title='bbox 967 843 1003 895; x_wconf 89' lang='lat' dir='ltr'>in·</span> 
     </span>
     <span class='ocr_line' id='line_1_10' title="bbox 83 911 1002 984; baseline 0.002 -22"><span class='ocrx_word' id='word_1_69' title='bbox 83 911 168 979; x_wconf 86' lang='lat' dir='ltr'>colae,</span> <span class='ocrx_word' id='word_1_70' title='bbox 183 929 219 963; x_wconf 90' lang='lat' dir='ltr'>an</span> <span class='ocrx_word' id='word_1_71' title='bbox 231 911 326 965; x_wconf 83' lang='lat' dir='ltr'>fraude</span> <span class='ocrx_word' id='word_1_72' title='bbox 344 929 373 964; x_wconf 88' lang='lat' dir='ltr'>se</span> <span class='ocrx_word' id='word_1_73' title='bbox 392 911 559 980; x_wconf 73' lang='lat' dir='ltr'>occulerent,</span> <span class='ocrx_word' id='word_1_74' title='bbox 578 929 648 980; x_wconf 90' lang='lat' dir='ltr'>oum,</span> <span class='ocrx_word' id='word_1_75' title='bbox 667 912 753 965; x_wconf 87' lang='lat' dir='ltr'>subito</span> <span class='ocrx_word' id='word_1_76' title='bbox 770 911 904 984; x_wconf 80' lang='lat' dir='ltr'>patefacta</span> <span class='ocrx_word' id='word_1_77' title='bbox 921 920 1002 981; x_wconf 89' lang='lat' dir='ltr'>porta,</span> 
     </span>
     <span class='ocr_line' id='line_1_11' title="bbox 85 979 1005 1050; baseline 0.002 -18"><span class='ocrx_word' id='word_1_78' title='bbox 85 996 132 1034; x_wconf 82' lang='lat' dir='ltr'>rex</span> <span class='ocrx_word' id='word_1_79' title='bbox 156 979 242 1034; x_wconf 90' lang='lat' dir='ltr'>Indus</span> <span class='ocrx_word' id='word_1_80' title='bbox 259 998 321 1034; x_wconf 91' lang='lat' dir='ltr'>cum</span> <span class='ocrx_word' id='word_1_81' title='bbox 341 981 444 1034; x_wconf 86' lang='lat' dir='ltr'>duobus</span> <span class='ocrx_word' id='word_1_82' title='bbox 461 980 559 1034; x_wconf 89' lang='lat' dir='ltr'>adultis</span> <span class='ocrx_word' id='word_1_83' title='bbox 577 981 640 1035; x_wconf 89' lang='lat' dir='ltr'>filiis</span> <span class='ocrx_word' id='word_1_84' title='bbox 658 981 778 1050; x_wconf 88' lang='lat' dir='ltr'>occurrit,</span> <span class='ocrx_word' id='word_1_85' title='bbox 798 979 912 1034; x_wconf 89' lang='lat' dir='ltr'>multum</span> <span class='ocrx_word' id='word_1_86' title='bbox 936 982 1005 1034; x_wconf 89' lang='lat' dir='ltr'>inter</span> 
     </span>
     <span class='ocr_line' id='line_1_12' title="bbox 83 1047 1004 1122; baseline 0 -20"><span class='ocrx_word' id='word_1_87' title='bbox 83 1067 182 1103; x_wconf 89' lang='lat' dir='ltr'>omnes</span> <span class='ocrx_word' id='word_1_88' title='bbox 202 1047 328 1104; x_wconf 89' lang='lat' dir='ltr'>barbaros</span> <span class='ocrx_word' id='word_1_89' title='bbox 347 1051 470 1104; x_wconf 90' lang='lat' dir='ltr'>eminens</span> <span class='ocrx_word' id='word_1_90' title='bbox 489 1052 604 1122; x_wconf 87' lang='lat' dir='ltr'>corporis</span> <span class='ocrx_word' id='word_1_91' title='bbox 624 1053 723 1122; x_wconf 87' lang='lat' dir='ltr'>specie.</span> <span class='ocrx_word' id='word_1_92' title='bbox 759 1050 847 1103; x_wconf 87' lang='lat' dir='ltr'>Vestis</span> <span class='ocrx_word' id='word_1_93' title='bbox 866 1058 922 1103; x_wconf 88' lang='lat' dir='ltr'>erat</span> <span class='ocrx_word' id='word_1_94' title='bbox 940 1067 1004 1103; x_wconf 90' lang='lat' dir='ltr'>auro</span> 
     </span>
     <span class='ocr_line' id='line_1_13' title="bbox 83 1119 1006 1190; baseline 0 -18"><span class='ocrx_word' id='word_1_95' title='bbox 83 1136 255 1190; x_wconf 86' lang='lat' dir='ltr'>purpuraque</span> <span class='ocrx_word' id='word_1_96' title='bbox 268 1119 399 1184; x_wconf 84' lang='lat' dir='ltr'>distincta,</span> <span class='ocrx_word' id='word_1_97' title='bbox 431 1137 481 1173; x_wconf 88' lang='lat' dir='ltr'>uae</span> <span class='ocrx_word' id='word_1_98' title='bbox 494 1122 576 1174; x_wconf 90' lang='lat' dir='ltr'>etiam</span> <span class='ocrx_word' id='word_1_99' title='bbox 592 1138 667 1174; x_wconf 87' lang='lat' dir='ltr'>crura</span> <span class='ocrx_word' id='word_1_100' title='bbox 679 1120 802 1188; x_wconf 79' lang='lat' dir='ltr'>velabat,</span> <span class='ocrx_word' id='word_1_101' title='bbox 820 1120 908 1172; x_wconf 90' lang='lat' dir='ltr'>aureis</span> <span class='ocrx_word' id='word_1_102' title='bbox 925 1119 1006 1173; x_wconf 91' lang='lat' dir='ltr'>soleis</span> 
     </span>
     <span class='ocr_line' id='line_1_14' title="bbox 85 1138 1005 1260; baseline 0.003 -20"><span class='ocrx_word' id='word_1_103' title='bbox 85 1189 237 1242; x_wconf 80' lang='lat' dir='ltr'>Inseruerat</span> <span class='ocrx_word' id='word_1_104' title='bbox 259 1205 397 1258; x_wconf 84' lang='lat' dir='ltr'>gemmas;</span> <span class='ocrx_word' id='word_1_105' title='bbox 412 1138 513 1243; x_wconf 75' lang='lat' dir='ltr'>iacerti</span> <span class='ocrx_word' id='word_1_106' title='bbox 535 1207 641 1260; x_wconf 89' lang='lat' dir='ltr'>quoque</span> <span class='ocrx_word' id='word_1_107' title='bbox 666 1200 692 1243; x_wconf 91' lang='lat' dir='ltr'>et</span> <span class='ocrx_word' id='word_1_108' title='bbox 716 1189 834 1243; x_wconf 82' lang='lat' dir='ltr'>brachia³</span> <span class='ocrx_word' id='word_1_109' title='bbox 855 1190 1005 1258; x_wconf 78' lang='lat' dir='ltr'>margaritis</span> 
     </span>
     <span class='ocr_line' id='line_1_15' title="bbox 85 1258 1005 1328; baseline 0.002 -18"><span class='ocrx_word' id='word_1_110' title='bbox 85 1267 181 1312; x_wconf 89' lang='lat' dir='ltr'>omata</span> <span class='ocrx_word' id='word_1_111' title='bbox 205 1269 292 1311; x_wconf 86' lang='lat' dir='ltr'>erant.</span> <span class='ocrx_word' id='word_1_112' title='bbox 329 1258 484 1313; x_wconf 87' lang='lat' dir='ltr'>Pendebant</span> <span class='ocrx_word' id='word_1_113' title='bbox 508 1277 543 1314; x_wconf 88' lang='lat' dir='ltr'>ex</span> <span class='ocrx_word' id='word_1_114' title='bbox 566 1259 675 1314; x_wconf 91' lang='lat' dir='ltr'>auribus</span> <span class='ocrx_word' id='word_1_115' title='bbox 698 1259 816 1328; x_wconf 86' lang='lat' dir='ltr'>insignes</span> <span class='ocrx_word' id='word_1_116' title='bbox 839 1258 953 1312; x_wconf 81' lang='lat' dir='ltr'>candore</span> <span class='ocrx_word' id='word_1_117' title='bbox 978 1269 1005 1312; x_wconf 91' lang='lat' dir='ltr'>et</span> 
     </span>
     <span class='ocr_line' id='line_1_16' title="bbox 85 1326 1005 1398; baseline 0.001 -18"><span class='ocrx_word' id='word_1_118' title='bbox 85 1327 274 1396; x_wconf 80' lang='lat' dir='ltr'>magnitudine</span> <span class='ocrx_word' id='word_1_119' title='bbox 297 1327 400 1396; x_wconf 83' lang='lat' dir='ltr'>lapilli⁴</span> <span class='ocrx_word' id='word_1_120' title='bbox 445 1329 575 1383; x_wconf 90' lang='lat' dir='ltr'>Baculum</span> <span class='ocrx_word' id='word_1_121' title='bbox 602 1346 712 1382; x_wconf 90' lang='lat' dir='ltr'>aureum</span> <span class='ocrx_word' id='word_1_122' title='bbox 736 1326 831 1398; x_wconf 86' lang='lat' dir='ltr'>berylli</span> <span class='ocrx_word' id='word_1_123' title='bbox 861 1327 1005 1398; x_wconf 79' lang='lat' dir='ltr'>distingue-</span> 
     </span>
     <span class='ocr_line' id='line_1_17' title="bbox 86 1397 1005 1470; baseline 0.001 -20"><span class='ocrx_word' id='word_1_124' title='bbox 86 1397 167 1450; x_wconf 88' lang='lat' dir='ltr'>bant:</span> <span class='ocrx_word' id='word_1_125' title='bbox 189 1414 242 1466; x_wconf 92' lang='lat' dir='ltr'>quo</span> <span class='ocrx_word' id='word_1_126' title='bbox 254 1398 348 1451; x_wconf 90' lang='lat' dir='ltr'>tradito</span> <span class='ocrx_word' id='word_1_127' title='bbox 360 1412 490 1469; x_wconf 87' lang='lat' dir='ltr'>precatus,</span> <span class='ocrx_word' id='word_1_128' title='bbox 504 1411 532 1452; x_wconf 87' lang='lat' dir='ltr'>ut</span> <span class='ocrx_word' id='word_1_129' title='bbox 551 1415 643 1470; x_wconf 87' lang='lat' dir='ltr'>sospes</span> <span class='ocrx_word' id='word_1_130' title='bbox 660 1399 800 1470; x_wconf 88' lang='lat' dir='ltr'>acciperet,</span> <span class='ocrx_word' id='word_1_131' title='bbox 814 1415 843 1450; x_wconf 91' lang='lat' dir='ltr'>se</span> <span class='ocrx_word' id='word_1_132' title='bbox 856 1397 1005 1470; x_wconf 83' lang='lat' dir='ltr'>liberosque</span> 
     </span>
     <span class='ocr_line' id='line_1_18' title="bbox 86 1467 1027 1536; baseline 0.005 -18"><span class='ocrx_word' id='word_1_133' title='bbox 86 1476 113 1518; x_wconf 89' lang='lat' dir='ltr'>st</span> <span class='ocrx_word' id='word_1_134' title='bbox 125 1480 237 1534; x_wconf 84' lang='lat' dir='ltr'>gentem</span> <span class='ocrx_word' id='word_1_135' title='bbox 253 1485 326 1520; x_wconf 83' lang='lat' dir='ltr'>suam</span> <span class='ocrx_word' id='word_1_136' title='bbox 341 1467 451 1520; x_wconf 90' lang='lat' dir='ltr'>dedidit.</span> <span class='ocrx_word' id='word_1_137' title='bbox 1025 1533 1027 1536; x_wconf 22' lang='lat'>¹</span> 
     </span>
     <span class='ocr_line' id='line_1_19' title="bbox 121 1535 1004 1607; baseline 0 -17"><span class='ocrx_word' id='word_1_138' title='bbox 121 1541 147 1590; x_wconf 87' lang='grc'>6.</span> <span class='ocrx_word' id='word_1_139' title='bbox 168 1537 283 1590; x_wconf 89' lang='lat' dir='ltr'>Nobiles</span> <span class='ocrx_word' id='word_1_140' title='bbox 294 1536 328 1589; x_wconf 91' lang='lat' dir='ltr'>ad</span> <span class='ocrx_word' id='word_1_141' title='bbox 341 1535 492 1590; x_wconf 85' lang='lat' dir='ltr'>venandum</span> <span class='ocrx_word' id='word_1_142' title='bbox 511 1555 592 1590; x_wconf 88' lang='lat' dir='ltr'>canes</span> <span class='ocrx_word' id='word_1_143' title='bbox 604 1537 630 1590; x_wconf 91' lang='lat' dir='ltr'>in</span> <span class='ocrx_word' id='word_1_144' title='bbox 643 1555 675 1590; x_wconf 91' lang='lat' dir='ltr'>ea</span> <span class='ocrx_word' id='word_1_145' title='bbox 688 1539 795 1607; x_wconf 89' lang='lat' dir='ltr'>regione</span> <span class='ocrx_word' id='word_1_146' title='bbox 814 1547 889 1591; x_wconf 85' lang='lat' dir='ltr'>sunt:</span> <span class='ocrx_word' id='word_1_147' title='bbox 909 1537 1004 1591; x_wconf 90' lang='lat' dir='ltr'>latratu</span> 
     </span>
     <span class='ocr_line' id='line_1_20' title="bbox 86 1605 1005 1676; baseline 0.002 -18"><span class='ocrx_word' id='word_1_148' title='bbox 86 1606 224 1660; x_wconf 90' lang='lat' dir='ltr'>abstinere</span> <span class='ocrx_word' id='word_1_149' title='bbox 248 1605 377 1676; x_wconf 89' lang='lat' dir='ltr'>dicuntur,</span> <span class='ocrx_word' id='word_1_150' title='bbox 398 1625 459 1660; x_wconf 89' lang='lat' dir='ltr'>cum</span> <span class='ocrx_word' id='word_1_151' title='bbox 484 1608 606 1660; x_wconf 85' lang='lat' dir='ltr'>viderunt</span> <span class='ocrx_word' id='word_1_152' title='bbox 630 1605 723 1676; x_wconf 84' lang='lat' dir='ltr'>leram,</span> <span class='ocrx_word' id='word_1_153' title='bbox 744 1607 865 1660; x_wconf 90' lang='lat' dir='ltr'>leonibus</span> <span class='ocrx_word' id='word_1_154' title='bbox 888 1607 1005 1662; x_wconf 84' lang='lat' dir='ltr'>maxime</span> 
     </span>
     <span class='ocr_line' id='line_1_21' title="bbox 87 1675 1007 1746; baseline 0.002 -19"><span class='ocrx_word' id='word_1_155' title='bbox 87 1676 188 1729; x_wconf 83' lang='lat' dir='ltr'>infesti.</span> <span class='ocrx_word' id='word_1_156' title='bbox 225 1675 326 1729; x_wconf 87' lang='lat' dir='ltr'>Horum</span> <span class='ocrx_word' id='word_1_157' title='bbox 346 1677 448 1731; x_wconf 78' lang='lat' dir='ltr'>simut</span> <span class='ocrx_word' id='word_1_158' title='bbox 469 1677 619 1730; x_wconf 85' lang='lat' dir='ltr'>ostenderet</span> <span class='ocrx_word' id='word_1_159' title='bbox 641 1677 798 1746; x_wconf 86' lang='lat' dir='ltr'>Alexandro,</span> <span class='ocrx_word' id='word_1_160' title='bbox 818 1677 845 1728; x_wconf 91' lang='lat' dir='ltr'>in</span> <span class='ocrx_word' id='word_1_161' title='bbox 868 1679 1007 1746; x_wconf 78' lang='lat' dir='ltr'>conseptu⁵</span> 
     </span>
     <span class='ocr_line' id='line_1_22' title="bbox 87 1745 1006 1817; baseline 0.001 -20"><span class='ocrx_word' id='word_1_162' title='bbox 87 1745 197 1798; x_wconf 91' lang='lat' dir='ltr'>leonem</span> <span class='ocrx_word' id='word_1_163' title='bbox 221 1746 336 1798; x_wconf 84' lang='lat' dir='ltr'>eximiae</span> <span class='ocrx_word' id='word_1_164' title='bbox 360 1746 549 1816; x_wconf 87' lang='lat' dir='ltr'>magnitudinis</span> <span class='ocrx_word' id='word_1_165' title='bbox 571 1746 649 1816; x_wconf 81' lang='lat' dir='ltr'>jussit</span> <span class='ocrx_word' id='word_1_166' title='bbox 672 1745 767 1817; x_wconf 82' lang='lat' dir='ltr'>emitti,</span> <span class='ocrx_word' id='word_1_167' title='bbox 787 1755 814 1798; x_wconf 90' lang='lat' dir='ltr'>et</span> <span class='ocrx_word' id='word_1_168' title='bbox 838 1745 875 1799; x_wconf 88' lang='lat' dir='ltr'>IV</span> <span class='ocrx_word' id='word_1_169' title='bbox 898 1747 1006 1800; x_wconf 89' lang='lat' dir='ltr'>omnino</span> 
     </span>
     <span class='ocr_line' id='line_1_23' title="bbox 85 1814 1007 1886; baseline -0.001 -18"><span class='ocrx_word' id='word_1_170' title='bbox 85 1814 227 1868; x_wconf 86' lang='lat' dir='ltr'>admoveri</span> <span class='ocrx_word' id='word_1_171' title='bbox 241 1832 329 1884; x_wconf 88' lang='lat' dir='ltr'>canes,</span> <span class='ocrx_word' id='word_1_172' title='bbox 343 1817 388 1886; x_wconf 92' lang='lat' dir='ltr'>qui</span> <span class='ocrx_word' id='word_1_173' title='bbox 402 1815 523 1869; x_wconf 83' lang='lat' dir='ltr'>celeriter</span> <span class='ocrx_word' id='word_1_174' title='bbox 534 1815 619 1868; x_wconf 82' lang='lat' dir='ltr'>feram</span> <span class='ocrx_word' id='word_1_175' title='bbox 638 1815 854 1885; x_wconf 73' lang='lat' dir='ltr'>occupaverunt.⁰</span> <span class='ocrx_word' id='word_1_176' title='bbox 888 1816 959 1870; x_wconf 90' lang='lat' dir='ltr'>Tum</span> <span class='ocrx_word' id='word_1_177' title='bbox 972 1831 1007 1868; x_wconf 86' lang='lat' dir='ltr'>ex</span> 
     </span>
     <span class='ocr_line' id='line_1_24' title="bbox 87 1884 1006 1955; baseline -0.001 -17"><span class='ocrx_word' id='word_1_178' title='bbox 87 1885 138 1953; x_wconf 82' lang='lat' dir='ltr'>his,</span> <span class='ocrx_word' id='word_1_179' title='bbox 165 1885 211 1954; x_wconf 91' lang='lat' dir='ltr'>qui</span> <span class='ocrx_word' id='word_1_180' title='bbox 235 1894 407 1938; x_wconf 87' lang='lat' dir='ltr'>assueverant</span> <span class='ocrx_word' id='word_1_181' title='bbox 431 1885 529 1939; x_wconf 87' lang='lat' dir='ltr'>talibus</span> <span class='ocrx_word' id='word_1_182' title='bbox 552 1885 713 1955; x_wconf 91' lang='lat' dir='ltr'>ministeriis,</span> <span class='ocrx_word' id='word_1_183' title='bbox 736 1887 815 1938; x_wconf 81' lang='lat' dir='ltr'>unus⁷</span> <span class='ocrx_word' id='word_1_184' title='bbox 838 1885 913 1938; x_wconf 89' lang='lat' dir='ltr'>carris</span> <span class='ocrx_word' id='word_1_185' title='bbox 935 1884 1006 1937; x_wconf 91' lang='lat' dir='ltr'>leoni</span> 
     </span>
     <span class='ocr_line' id='line_1_25' title="bbox 87 1953 1005 2024; baseline 0 -18"><span class='ocrx_word' id='word_1_186' title='bbox 87 1971 152 2007; x_wconf 91' lang='lat' dir='ltr'>cum</span> <span class='ocrx_word' id='word_1_187' title='bbox 169 1955 231 2006; x_wconf 89' lang='lat' dir='ltr'>aliis</span> <span class='ocrx_word' id='word_1_188' title='bbox 248 1953 408 2008; x_wconf 89' lang='lat' dir='ltr'>inhaerentis</span> <span class='ocrx_word' id='word_1_189' title='bbox 426 1972 486 2008; x_wconf 88' lang='lat' dir='ltr'>crus</span> <span class='ocrx_word' id='word_1_190' title='bbox 504 1955 629 2024; x_wconf 85' lang='lat' dir='ltr'>avellere,</span> <span class='ocrx_word' id='word_1_191' title='bbox 643 1963 676 2022; x_wconf 88' lang='lat' dir='ltr'>et,</span> <span class='ocrx_word' id='word_1_192' title='bbox 690 1955 752 2024; x_wconf 88' lang='lat' dir='ltr'>quia</span> <span class='ocrx_word' id='word_1_193' title='bbox 769 1969 819 2006; x_wconf 89' lang='lat' dir='ltr'>non</span> <span class='ocrx_word' id='word_1_194' title='bbox 838 1954 1005 2023; x_wconf 85' lang='lat' dir='ltr'>sequebatur,</span> 
     </span>
     <span class='ocr_line' id='line_1_26' title="bbox 39 2023 1007 2095; baseline -0.001 -20"><span class='ocrx_word' id='word_1_195' title='bbox 39 2059 45 2075; x_wconf 79' lang='grc'>.</span> <span class='ocrx_word' id='word_1_196' title='bbox 88 2023 157 2076; x_wconf 84' lang='lat' dir='ltr'>lsrro</span> <span class='ocrx_word' id='word_1_197' title='bbox 170 2032 311 2094; x_wconf 89' lang='lat' dir='ltr'>amputare</span> <span class='ocrx_word' id='word_1_198' title='bbox 323 2025 424 2095; x_wconf 90' lang='lat' dir='ltr'>coepit:</span> <span class='ocrx_word' id='word_1_199' title='bbox 443 2041 477 2077; x_wconf 89' lang='lat' dir='ltr'>ne</span> <span class='ocrx_word' id='word_1_200' title='bbox 497 2024 658 2094; x_wconf 89' lang='lat' dir='ltr'>sicquidem</span> <span class='ocrx_word' id='word_1_201' title='bbox 671 2023 815 2094; x_wconf 89' lang='lat' dir='ltr'>pertinacia</span> <span class='ocrx_word' id='word_1_202' title='bbox 827 2023 896 2076; x_wconf 87' lang='lat' dir='ltr'>victa</span> <span class='ocrx_word' id='word_1_203' title='bbox 918 2039 1007 2076; x_wconf 83' lang='lat' dir='ltr'>rursus</span> 
     </span>
     <span class='ocr_line' id='line_1_27' title="bbox 87 2062 1006 2162; baseline -0.001 -17"><span class='ocrx_word' id='word_1_204' title='bbox 87 2093 172 2146; x_wconf 85' lang='lat' dir='ltr'>aliam</span> <span class='ocrx_word' id='word_1_205' title='bbox 186 2102 288 2162; x_wconf 88' lang='lat' dir='ltr'>partem</span> <span class='ocrx_word' id='word_1_206' title='bbox 308 2111 398 2147; x_wconf 89' lang='lat' dir='ltr'>secare</span> <span class='ocrx_word' id='word_1_207' title='bbox 418 2095 532 2162; x_wconf 82' lang='lat' dir='ltr'>institit,⁸</span> <span class='ocrx_word' id='word_1_208' title='bbox 544 2104 570 2147; x_wconf 91' lang='lat' dir='ltr'>et</span> <span class='ocrx_word' id='word_1_209' title='bbox 589 2093 650 2147; x_wconf 92' lang='lat' dir='ltr'>inde</span> <span class='ocrx_word' id='word_1_210' title='bbox 669 2111 719 2147; x_wconf 92' lang='lat' dir='ltr'>non</span> <span class='ocrx_word' id='word_1_211' title='bbox 740 2092 850 2161; x_wconf 86' lang='lat' dir='ltr'>segnius</span> <span class='ocrx_word' id='word_1_212' title='bbox 867 2062 1006 2146; x_wconf 88' lang='lat' dir='ltr'>inhaeren-</span> 
     </span>
     <span class='ocr_line' id='line_1_28' title="bbox 88 2160 1008 2218; baseline 0 -4"><span class='ocrx_word' id='word_1_213' title='bbox 88 2173 145 2215; x_wconf 91' lang='lat' dir='ltr'>tem</span> <span class='ocrx_word' id='word_1_214' title='bbox 170 2160 240 2216; x_wconf 88' lang='lat' dir='ltr'>ferro</span> <span class='ocrx_word' id='word_1_215' title='bbox 264 2163 376 2218; x_wconf 87' lang='lat' dir='ltr'>subinde</span> <span class='ocrx_word' id='word_1_216' title='bbox 400 2163 539 2217; x_wconf 88' lang='lat' dir='ltr'>caedebat.</span> <span class='ocrx_word' id='word_1_217' title='bbox 576 2163 623 2216; x_wconf 92' lang='lat' dir='ltr'>llle</span> <span class='ocrx_word' id='word_1_218' title='bbox 643 2164 669 2216; x_wconf 91' lang='lat' dir='ltr'>in</span> <span class='ocrx_word' id='word_1_219' title='bbox 690 2162 799 2216; x_wconf 85' lang='lat' dir='ltr'>vulnere</span> <span class='ocrx_word' id='word_1_220' title='bbox 819 2161 892 2214; x_wconf 83' lang='lat' dir='ltr'>ferae</span> <span class='ocrx_word' id='word_1_221' title='bbox 912 2162 1008 2215; x_wconf 85' lang='lat' dir='ltr'>dentes</span> 
     </span>
     <span class='ocr_line' id='line_1_29' title="bbox 88 2230 1007 2313; baseline -0.001 -28"><span class='ocrx_word' id='word_1_222' title='bbox 88 2231 264 2286; x_wconf 87' lang='lat' dir='ltr'>moribundus</span> <span class='ocrx_word' id='word_1_223' title='bbox 281 2250 385 2313; x_wconf 89' lang='lat' dir='ltr'>quoque</span> <span class='ocrx_word' id='word_1_224' title='bbox 404 2233 539 2287; x_wconf 84' lang='lat' dir='ltr'>infixerat:</span> <span class='ocrx_word' id='word_1_225' title='bbox 559 2241 659 2286; x_wconf 88' lang='lat' dir='ltr'>tantam</span> <span class='ocrx_word' id='word_1_226' title='bbox 678 2233 705 2286; x_wconf 88' lang='lat' dir='ltr'>in</span> <span class='ocrx_word' id='word_1_227' title='bbox 725 2233 777 2286; x_wconf 93' lang='lat' dir='ltr'>illis</span> <span class='ocrx_word' id='word_1_228' title='bbox 794 2230 955 2285; x_wconf 87' lang='lat' dir='ltr'>animalibus</span> <span class='ocrx_word' id='word_1_229' title='bbox 972 2232 1007 2284; x_wconf 88' lang='lat' dir='ltr'>ad</span> 
     </span>
     <span class='ocr_line' id='line_1_30' title="bbox 89 2301 1007 2372; baseline 0 -18"><span class='ocrx_word' id='word_1_230' title='bbox 89 2301 246 2355; x_wconf 83' lang='lat' dir='ltr'>venandum</span> <span class='ocrx_word' id='word_1_231' title='bbox 264 2303 440 2372; x_wconf 83' lang='lat' dir='ltr'>cupiditatem</span> <span class='ocrx_word' id='word_1_232' title='bbox 458 2304 627 2371; x_wconf 85' lang='lat' dir='ltr'>ingenerasse</span> <span class='ocrx_word' id='word_1_233' title='bbox 647 2313 767 2355; x_wconf 89' lang='lat' dir='ltr'>naturam</span> <span class='ocrx_word' id='word_1_234' title='bbox 787 2301 934 2354; x_wconf 88' lang='lat' dir='ltr'>memoriae</span> <span class='ocrx_word' id='word_1_235' title='bbox 949 2318 1007 2372; x_wconf 91' lang='lat' dir='ltr'>pro·</span> 
     </span>
     <span class='ocr_line' id='line_1_31' title="bbox 90 2369 1006 2442; baseline 0.001 -20"><span class='ocrx_word' id='word_1_236' title='bbox 90 2369 177 2424; x_wconf 88' lang='lat' dir='ltr'>ditum</span> <span class='ocrx_word' id='word_1_237' title='bbox 191 2381 241 2424; x_wconf 92' lang='lat' dir='ltr'>est.</span> <span class='ocrx_word' id='word_1_238' title='bbox 287 2371 419 2442; x_wconf 84' lang='lat' dir='ltr'>Equidem</span> <span class='ocrx_word' id='word_1_239' title='bbox 443 2373 518 2442; x_wconf 87' lang='lat' dir='ltr'>plura</span> <span class='ocrx_word' id='word_1_240' title='bbox 541 2372 692 2440; x_wconf 89' lang='lat' dir='ltr'>transcribo,</span> <span class='ocrx_word' id='word_1_241' title='bbox 718 2389 799 2442; x_wconf 86' lang='lat' dir='ltr'>qnam</span> <span class='ocrx_word' id='word_1_242' title='bbox 823 2371 918 2426; x_wconf 91' lang='lat' dir='ltr'>credo:</span> <span class='ocrx_word' id='word_1_243' title='bbox 944 2389 1006 2424; x_wconf 91' lang='lat' dir='ltr'>nam</span> 
     </span>
     <span class='ocr_line' id='line_1_32' title="bbox 90 2440 1008 2512; baseline 0.001 -19"><span class='ocrx_word' id='word_1_244' title='bbox 90 2458 141 2493; x_wconf 88' lang='lat' dir='ltr'>nec</span> <span class='ocrx_word' id='word_1_245' title='bbox 160 2440 295 2494; x_wconf 89' lang='lat' dir='ltr'>affirmare</span> <span class='ocrx_word' id='word_1_246' title='bbox 319 2444 443 2512; x_wconf 88' lang='lat' dir='ltr'>sustineo,</span> <span class='ocrx_word' id='word_1_247' title='bbox 465 2443 499 2495; x_wconf 83' lang='lat' dir='ltr'>tle</span> <span class='ocrx_word' id='word_1_248' title='bbox 524 2443 622 2511; x_wconf 90' lang='lat' dir='ltr'>quibus</span> <span class='ocrx_word' id='word_1_249' title='bbox 644 2442 743 2511; x_wconf 90' lang='lat' dir='ltr'>dubito,</span> <span class='ocrx_word' id='word_1_250' title='bbox 765 2459 814 2494; x_wconf 89' lang='lat' dir='ltr'>nec</span> <span class='ocrx_word' id='word_1_251' title='bbox 838 2441 1008 2511; x_wconf 75' lang='lat' dir='ltr'>subducere,⁹</span> 
     </span>
    </p>
   </div>
   <div class='ocr_carea' id='block_1_3' title="bbox 88 2572 1069 3577">
    <p class='ocr_par' dir='ltr' id='par_1_3' title="bbox 89 2572 1007 2692">
     <span class='ocr_line' id='line_1_33' title="bbox 90 2572 1007 2632; baseline 0.002 -12"><span class='ocrx_word' id='word_1_252' title='bbox 90 2584 115 2620; x_wconf 86' lang='lat' dir='ltr'>at</span> <span class='ocrx_word' id='word_1_253' title='bbox 131 2573 175 2622; x_wconf 85' lang='lat' dir='ltr'>the</span> <span class='ocrx_word' id='word_1_254' title='bbox 191 2572 240 2621; x_wconf 78' lang='lat' dir='ltr'>teet</span> <span class='ocrx_word' id='word_1_255' title='bbox 256 2573 285 2621; x_wconf 85' lang='lat' dir='ltr'>ol</span> <span class='ocrx_word' id='word_1_256' title='bbox 297 2574 328 2622; x_wconf 88' lang='lat' dir='ltr'>its</span> <span class='ocrx_word' id='word_1_257' title='bbox 343 2573 431 2628; x_wconf 80' lang='lat' dir='ltr'>father,</span> <span class='ocrx_word' id='word_1_258' title='bbox 449 2573 495 2623; x_wconf 86' lang='lat' dir='ltr'>and</span> <span class='ocrx_word' id='word_1_259' title='bbox 512 2575 533 2622; x_wconf 91' lang='lat' dir='ltr'>is</span> <span class='ocrx_word' id='word_1_260' title='bbox 544 2575 574 2622; x_wconf 89' lang='lat' dir='ltr'>he</span> <span class='ocrx_word' id='word_1_261' title='bbox 591 2574 658 2623; x_wconf 80' lang='lat' dir='ltr'>liftsd</span> <span class='ocrx_word' id='word_1_262' title='bbox 676 2575 702 2630; x_wconf 86' lang='lat' dir='ltr'>it,</span> <span class='ocrx_word' id='word_1_263' title='bbox 715 2574 762 2622; x_wconf 86' lang='lat' dir='ltr'>and</span> <span class='ocrx_word' id='word_1_264' title='bbox 777 2574 876 2632; x_wconf 85' lang='lat' dir='ltr'>pressed</span> <span class='ocrx_word' id='word_1_265' title='bbox 893 2574 911 2621; x_wconf 88' lang='lat' dir='ltr'>it</span> <span class='ocrx_word' id='word_1_266' title='bbox 927 2584 953 2621; x_wconf 90' lang='lat' dir='ltr'>to</span> <span class='ocrx_word' id='word_1_267' title='bbox 969 2575 1007 2622; x_wconf 87' lang='lat' dir='ltr'>his</span> 
     </span>
     <span class='ocr_line' id='line_1_34' title="bbox 89 2632 1006 2692; baseline -0.001 -12"><span class='ocrx_word' id='word_1_268' title='bbox 89 2634 187 2688; x_wconf 77' lang='lat' dir='ltr'>bosom,</span> <span class='ocrx_word' id='word_1_269' title='bbox 199 2632 248 2680; x_wconf 88' lang='lat' dir='ltr'>this</span> <span class='ocrx_word' id='word_1_270' title='bbox 259 2647 310 2680; x_wconf 84' lang='lat' dir='ltr'>was</span> <span class='ocrx_word' id='word_1_271' title='bbox 320 2647 335 2680; x_wconf 86' lang='lat' dir='ltr'>a</span> <span class='ocrx_word' id='word_1_272' title='bbox 345 2633 487 2692; x_wconf 82' lang='lat' dir='ltr'>symbolical</span> <span class='ocrx_word' id='word_1_273' title='bbox 498 2635 602 2692; x_wconf 84' lang='lat' dir='ltr'>promise</span> <span class='ocrx_word' id='word_1_274' title='bbox 614 2634 665 2681; x_wconf 87' lang='lat' dir='ltr'>that</span> <span class='ocrx_word' id='word_1_275' title='bbox 677 2633 707 2682; x_wconf 88' lang='lat' dir='ltr'>hs</span> <span class='ocrx_word' id='word_1_276' title='bbox 719 2633 800 2680; x_wconf 87' lang='lat' dir='ltr'>would</span> <span class='ocrx_word' id='word_1_277' title='bbox 811 2632 867 2679; x_wconf 86' lang='lat' dir='ltr'>talre</span> <span class='ocrx_word' id='word_1_278' title='bbox 879 2647 933 2681; x_wconf 86' lang='lat' dir='ltr'>care</span> <span class='ocrx_word' id='word_1_279' title='bbox 944 2632 972 2680; x_wconf 88' lang='lat' dir='ltr'>cf</span> <span class='ocrx_word' id='word_1_280' title='bbox 979 2633 1006 2680; x_wconf 91' lang='lat' dir='ltr'>it.</span> 
     </span>
    </p>

    <p class='ocr_par' dir='ltr' id='par_1_4' title="bbox 88 2690 1069 3037">
     <span class='ocr_line' id='line_1_35' title="bbox 119 2690 1069 2799; baseline -0.003 -59"><span class='ocrx_word' id='word_1_281' title='bbox 119 2690 404 2799; x_wconf 36' lang='lat' dir='ltr'>¹h1eqsor&#39;gpgqgoququrho</span> <span class='ocrx_word' id='word_1_282' title='bbox 415 2692 508 2741; x_wconf 81' lang='lat' dir='ltr'>excites</span> <span class='ocrx_word' id='word_1_283' title='bbox 519 2693 615 2740; x_wconf 84' lang='lat' dir='ltr'>remark</span> <span class='ocrx_word' id='word_1_284' title='bbox 625 2693 640 2750; x_wconf 86' lang='grc'>;’</span> <span class='ocrx_word' id='word_1_285' title='bbox 653 2691 790 2750; x_wconf 88' lang='lat' dir='ltr'>frequently</span> <span class='ocrx_word' id='word_1_286' title='bbox 801 2691 826 2738; x_wconf 90' lang='lat' dir='ltr'>in</span> <span class='ocrx_word' id='word_1_287' title='bbox 837 2705 851 2737; x_wconf 82' lang='lat' dir='ltr'>a</span> <span class='ocrx_word' id='word_1_288' title='bbox 861 2690 908 2738; x_wconf 86' lang='lat' dir='ltr'>bad</span> <span class='ocrx_word' id='word_1_289' title='bbox 923 2705 1005 2747; x_wconf 82' lang='lat' dir='ltr'>sense,</span> <span class='ocrx_word' id='word_1_290' title='bbox 1065 2727 1069 2734; x_wconf 91' lang='lat'>.</span> 
     </span>
     <span class='ocr_line' id='line_1_36' title="bbox 89 2766 1007 2880; baseline -0.001 -23"><span class='ocrx_word' id='word_1_291' title='bbox 89 2766 130 2840; x_wconf 52' lang='grc' dir='ltr'>ω’</span> <span class='ocrx_word' id='word_1_292' title='bbox 143 2785 232 2870; x_wconf 86' lang='lat' dir='ltr'>‘Tliey</span> <span class='ocrx_word' id='word_1_293' title='bbox 243 2826 323 2869; x_wconf 87' lang='lat' dir='ltr'>marry</span> <span class='ocrx_word' id='word_1_294' title='bbox 334 2785 376 2857; x_wconf 85' lang='lat' dir='ltr'>riet</span> <span class='ocrx_word' id='word_1_295' title='bbox 392 2809 520 2871; x_wconf 89' lang='lat' dir='ltr'>according</span> <span class='ocrx_word' id='word_1_296' title='bbox 536 2809 636 2880; x_wconf 83' lang='lat' dir='ltr'>tobirth</span> <span class='ocrx_word' id='word_1_297' title='bbox 652 2807 698 2856; x_wconf 87' lang='lat' dir='ltr'>and</span> <span class='ocrx_word' id='word_1_298' title='bbox 714 2807 783 2862; x_wconf 88' lang='lat' dir='ltr'>rank,</span> <span class='ocrx_word' id='word_1_299' title='bbox 796 2807 839 2854; x_wconf 90' lang='lat' dir='ltr'>hut</span> <span class='ocrx_word' id='word_1_300' title='bbox 855 2815 881 2874; x_wconf 84' lang='lat' dir='ltr'>tq</span> <span class='ocrx_word' id='word_1_301' title='bbox 896 2806 1007 2866; x_wconf 88' lang='lat' dir='ltr'>physical</span> 
     </span>
     <span class='ocr_line' id='line_1_37' title="bbox 89 2864 1007 2932; baseline -0.004 -14"><span class='ocrx_word' id='word_1_302' title='bbox 89 2872 183 2929; x_wconf 89' lang='lat' dir='ltr'>beanty</span> <span class='ocrx_word' id='word_1_303' title='bbox 193 2869 283 2918; x_wconf 86' lang='lat' dir='ltr'>chosen</span> <span class='ocrx_word' id='word_1_304' title='bbox 299 2879 341 2916; x_wconf 90' lang='lat' dir='ltr'>out</span> <span class='ocrx_word' id='word_1_305' title='bbox 350 2871 366 2917; x_wconf 74' lang='grc' dir='ltr'>ι’</span> <span class='ocrx_word' id='word_1_306' title='bbox 378 2887 454 2932; x_wconf 83' lang='lat' dir='ltr'>genus</span> <span class='ocrx_word' id='word_1_307' title='bbox 470 2887 497 2919; x_wconf 86' lang='lat' dir='ltr'>cc</span> <span class='ocrx_word' id='word_1_308' title='bbox 512 2872 622 2918; x_wconf 69' lang='lat' dir='ltr'>achilam</span> <span class='ocrx_word' id='word_1_309' title='bbox 644 2869 692 2916; x_wconf 75' lang='lat' dir='ltr'>alr</span> <span class='ocrx_word' id='word_1_310' title='bbox 702 2869 735 2913; x_wconf 76' lang='lat' dir='ltr'>lia</span> <span class='ocrx_word' id='word_1_311' title='bbox 747 2867 813 2921; x_wconf 76' lang='lat' dir='ltr'>dvctv,</span> <span class='ocrx_word' id='word_1_312' title='bbox 826 2864 964 2924; x_wconf 80' lang='lat' dir='ltr'>equivalent</span> <span class='ocrx_word' id='word_1_313' title='bbox 980 2876 1007 2914; x_wconf 88' lang='lat' dir='ltr'>tc</span> 
     </span>
     <span class='ocr_line' id='line_1_38' title="bbox 88 2929 595 3037; baseline -0.002 -61"><span class='ocrx_word' id='word_1_314' title='bbox 88 2929 187 3035; x_wconf 58' lang='grc' dir='ltr'>ςεζιὲνέἑ</span> <span class='ocrx_word' id='word_1_315' title='bbox 197 2930 315 3036; x_wconf 54' lang='lat' dir='ltr'>ssssissl&#39;iffi&#39;</span> <span class='ocrx_word' id='word_1_316' title='bbox 327 2929 394 3037; x_wconf 84' lang='lat' dir='ltr'>31See</span> <span class='ocrx_word' id='word_1_317' title='bbox 407 2929 505 2988; x_wconf 86' lang='lat' dir='ltr'>Zumpt,</span> <span class='ocrx_word' id='word_1_318' title='bbox 519 2929 532 2980; x_wconf 73' lang='lat' dir='ltr'>b</span> <span class='ocrx_word' id='word_1_319' title='bbox 543 2932 595 2978; x_wconf 73' lang='lat'>741.</span> 
     </span>
    </p>

    <p class='ocr_par' dir='ltr' id='par_1_5' title="bbox 119 3023 383 3094">
     <span class='ocr_line' id='line_1_39' title="bbox 119 3023 383 3094; baseline 0 0"><span class='ocrx_word' id='word_1_320' title='bbox 119 3051 128 3076; x_wconf 80' lang='lat'>‘</span> <span class='ocrx_word' id='word_1_321' title='bbox 141 3046 272 3094; x_wconf 83' lang='lat' dir='ltr'>‘Precious</span> <span class='ocrx_word' id='word_1_322' title='bbox 283 3023 383 3094; x_wconf 64' lang='lat' dir='ltr'>stenes)</span> 
     </span>
    </p>

    <p class='ocr_par' dir='ltr' id='par_1_6' title="bbox 88 3103 1005 3331">
     <span class='ocr_line' id='line_1_40' title="bbox 120 3103 1005 3210; baseline -0.002 -58"><span class='ocrx_word' id='word_1_323' title='bbox 120 3113 128 3136; x_wconf 81' lang='lat'>¹</span> <span class='ocrx_word' id='word_1_324' title='bbox 141 3105 186 3153; x_wconf 84' lang='lat' dir='ltr'>‘In</span> <span class='ocrx_word' id='word_1_325' title='bbox 197 3120 228 3152; x_wconf 84' lang='lat' dir='ltr'>en</span> <span class='ocrx_word' id='word_1_326' title='bbox 243 3105 377 3174; x_wconf 79' lang='lat' dir='ltr'>enclosure’</span> <span class='ocrx_word' id='word_1_327' title='bbox 389 3121 416 3154; x_wconf 91' lang='lat' dir='ltr'>cr</span> <span class='ocrx_word' id='word_1_328' title='bbox 429 3111 435 3134; x_wconf 87' lang='lat'>‘</span> <span class='ocrx_word' id='word_1_329' title='bbox 442 3106 528 3174; x_wconf 74' lang='lat' dir='ltr'>parlrr&#39;</span> <span class='ocrx_word' id='word_1_330' title='bbox 546 3104 706 3172; x_wconf 28' lang='lat' dir='ltr'>usuallylcorrr</span> <span class='ocrx_word' id='word_1_331' title='bbox 735 3111 792 3158; x_wconf 82' lang='lat' dir='ltr'>tum,</span> <span class='ocrx_word' id='word_1_332' title='bbox 805 3105 823 3159; x_wconf 85' lang='lat' dir='ltr'>i,</span> <span class='ocrx_word' id='word_1_333' title='bbox 836 3103 879 3152; x_wconf 91' lang='lat' dir='ltr'>but</span> <span class='ocrx_word' id='word_1_334' title='bbox 894 3118 966 3210; x_wconf 63' lang='lat' dir='ltr'>man(</span> <span class='ocrx_word' id='word_1_335' title='bbox 975 3103 1005 3151; x_wconf 90' lang='lat' dir='ltr'>of</span> 
     </span>
     <span class='ocr_line' id='line_1_41' title="bbox 89 3161 1005 3236; baseline -0.001 -23"><span class='ocrx_word' id='word_1_336' title='bbox 89 3161 706 3236; x_wconf 74' lang='lat' dir='ltr'>saehsqbstantrvssaswereoriginallypartrorples</span> <span class='ocrx_word' id='word_1_337' title='bbox 731 3162 938 3224; x_wconf 82' lang='lat' dir='ltr'>aveasecondary</span> <span class='ocrx_word' id='word_1_338' title='bbox 954 3178 1005 3212; x_wconf 86' lang='lat' dir='ltr'>orm</span> 
     </span>
     <span class='ocr_line' id='line_1_42' title="bbox 88 3221 811 3331; baseline -0.004 -59"><span class='ocrx_word' id='word_1_339' title='bbox 88 3223 297 3331; x_wconf 54' lang='lat' dir='ltr'>mrui’sgj&#39;igdsstqu</span> <span class='ocrx_word' id='word_1_340' title='bbox 309 3223 465 3331; x_wconf 46' lang='lat' dir='ltr'>girlqmsselaeltl,</span> <span class='ocrx_word' id='word_1_341' title='bbox 476 3233 532 3272; x_wconf 89' lang='lat' dir='ltr'>note</span> <span class='ocrx_word' id='word_1_342' title='bbox 545 3228 566 3280; x_wconf 87' lang='lat'>1,</span> <span class='ocrx_word' id='word_1_343' title='bbox 579 3221 626 3272; x_wconf 86' lang='lat' dir='ltr'>arrd</span> <span class='ocrx_word' id='word_1_344' title='bbox 637 3221 736 3280; x_wconf 81' lang='lat' dir='ltr'>Zumpt,</span> <span class='ocrx_word' id='word_1_345' title='bbox 750 3221 811 3274; x_wconf 77' lang='lat' dir='ltr'>l98.</span> 
     </span>
    </p>

    <p class='ocr_par' dir='ltr' id='par_1_7' title="bbox 90 3337 1005 3489">
     <span class='ocr_line' id='line_1_43' title="bbox 118 3337 1005 3401; baseline -0.001 -12"><span class='ocrx_word' id='word_1_346' title='bbox 118 3346 127 3368; x_wconf 74' lang='lat'>¹</span> <span class='ocrx_word' id='word_1_347' title='bbox 140 3346 147 3367; x_wconf 82' lang='lat'><em>⁴</em></span> <span class='ocrx_word' id='word_1_348' title='bbox 159 3341 215 3389; x_wconf 89' lang='lat' dir='ltr'>One</span> <span class='ocrx_word' id='word_1_349' title='bbox 227 3340 255 3388; x_wconf 86' lang='lat' dir='ltr'>os</span> <span class='ocrx_word' id='word_1_350' title='bbox 267 3341 308 3389; x_wconf 85' lang='lat' dir='ltr'>the</span> <span class='ocrx_word' id='word_1_351' title='bbox 319 3352 429 3389; x_wconf 82' lang='lat' dir='ltr'>servants</span> <span class='ocrx_word' id='word_1_352' title='bbox 441 3342 519 3401; x_wconf 82' lang='lat' dir='ltr'>began</span> <span class='ocrx_word' id='word_1_353' title='bbox 530 3351 555 3389; x_wconf 88' lang='lat' dir='ltr'>to</span> <span class='ocrx_word' id='word_1_354' title='bbox 571 3349 623 3390; x_wconf 88' lang='lat' dir='ltr'>tear</span> <span class='ocrx_word' id='word_1_355' title='bbox 633 3355 702 3401; x_wconf 83' lang='lat' dir='ltr'>away</span> <span class='ocrx_word' id='word_1_356' title='bbox 715 3339 755 3388; x_wconf 89' lang='lat' dir='ltr'>the</span> <span class='ocrx_word' id='word_1_357' title='bbox 773 3339 813 3401; x_wconf 86' lang='lat' dir='ltr'>leg</span> <span class='ocrx_word' id='word_1_358' title='bbox 828 3339 856 3390; x_wconf 85' lang='lat' dir='ltr'>ol</span> <span class='ocrx_word' id='word_1_359' title='bbox 867 3354 912 3388; x_wconf 88' lang='lat' dir='ltr'>one</span> <span class='ocrx_word' id='word_1_360' title='bbox 923 3338 952 3387; x_wconf 84' lang='lat' dir='ltr'>ot&#39;</span> <span class='ocrx_word' id='word_1_361' title='bbox 963 3337 1005 3388; x_wconf 85' lang='lat' dir='ltr'>the</span> 
     </span>
     <span class='ocr_line' id='line_1_44' title="bbox 90 3399 842 3489; baseline 0 -41"><span class='ocrx_word' id='word_1_362' title='bbox 90 3399 160 3489; x_wconf 65' lang='lat' dir='ltr'>dogp,</span> <span class='ocrx_word' id='word_1_363' title='bbox 175 3399 256 3448; x_wconf 83' lang='lat' dir='ltr'>which</span> <span class='ocrx_word' id='word_1_364' title='bbox 266 3399 317 3468; x_wconf 72' lang='lat' dir='ltr'>still</span> <span class='ocrx_word' id='word_1_365' title='bbox 328 3400 401 3462; x_wconf 82' lang='lat' dir='ltr'>clung</span> <span class='ocrx_word' id='word_1_366' title='bbox 411 3399 458 3448; x_wconf 84' lang='lat' dir='ltr'>last</span> <span class='ocrx_word' id='word_1_367' title='bbox 470 3411 495 3448; x_wconf 91' lang='lat' dir='ltr'>to</span> <span class='ocrx_word' id='word_1_368' title='bbox 506 3399 547 3448; x_wconf 91' lang='lat' dir='ltr'>the</span> <span class='ocrx_word' id='word_1_369' title='bbox 559 3399 677 3481; x_wconf 70' lang='lat' dir='ltr'>lioqwith</span> <span class='ocrx_word' id='word_1_370' title='bbox 688 3399 729 3449; x_wconf 90' lang='lat' dir='ltr'>the</span> <span class='ocrx_word' id='word_1_371' title='bbox 740 3399 842 3448; x_wconf 89' lang='lat' dir='ltr'>others.’</span> 
     </span>
    </p>

    <p class='ocr_par' dir='ltr' id='par_1_8' title="bbox 118 3457 730 3577">
     <span class='ocr_line' id='line_1_45' title="bbox 118 3457 730 3577; baseline -0.005 -9"><span class='ocrx_word' id='word_1_372' title='bbox 118 3457 628 3577; x_wconf 62' lang='lat' dir='ltr'>··ltatlttltltlttltlttttl</span> <span class='ocrx_word' id='word_1_373' title='bbox 639 3518 730 3568; x_wconf 59' lang='lat' dir='ltr'>aare</span> 
     </span>
    </p>
   </div>
   <div class='ocr_carea' id='block_1_4' title="bbox 0 0 1156 3842">
    <p class='ocr_par' dir='ltr' id='par_1_9' title="bbox 0 0 1156 3842">
     <span class='ocr_line' id='line_1_46' title="bbox 0 0 1156 3842; baseline 0 0"><span class='ocrx_word' id='word_1_374' title='bbox 0 0 1156 3842; x_wconf 95' lang='lat' dir='ltr'> </span> 
     </span>
    </p>
   </div>
  </div>
 </body>
</html>
