2274 3844
83 3207 85 3220 .
178 3175 265 3234 ·wny
277 3177 318 3222 troi
330 3179 468 3224 secretius?
500 3175 547 3223 See

153 205 211 260 208
417 221 456 260 nu
480 221 588 262 ossrrs
609 221 794 262 iunxinnnr.

154 330 281 398 intuleris,
300 331 377 386 bonis
395 331 491 384 emiois
513 332 610 400 poteris
630 329 676 384 uti.
713 331 784 384 Nem
806 339 832 382 et
853 327 1011 382 firmissimo
1032 339 1073 384 est

154 402 221 454 inter
233 418 311 468 pares
322 400 449 466 amicitia,
463 409 490 454 et
503 400 624 454 videntur
636 417 720 469 pares,
734 401 778 467 qui
796 417 847 452 non
866 400 988 451 feceruut
1003 399 1072 452 inter

153 488 183 524 se
202 470 347 538 periculum
366 470 472 524 virium.
508 470 581 528 Quos
599 470 714 538 viceris,¹
732 471 835 522 amicos
854 469 901 521 tibi
921 485 983 522 esse
1003 486 1072 520 cave

153 541 261 594 credes:
282 541 349 592 inter
360 541 499 594 dominum
517 550 544 592 et
563 556 668 592 servurn
688 539 761 592 nulla
778 540 898 592 amicitia
911 551 969 590 est:
989 540 1072 592 etiam

153 611 179 664 in
210 627 275 678 pace
307 610 368 662 belli
399 619 489 662 temeri
517 609 575 677 jura
604 611 761 662 serventur.²
807 610 926 662 iurando
956 609 1069 676 gretiam

154 679 266 750 Scythas
278 681 381 732 sancire
393 696 427 732 ne
439 676 611 732 credideris:³
627 679 738 732 colendo
751 678 841 747 fidem,
855 679 954 747 jurant.
991 679 1070 730 Grae·

153 767 243 804 eonnn
258 751 308 802 ista
320 750 407 802 cautio
419 759 468 818 est,
481 749 527 818 qui
546 761 624 817 pacta
635 751 798 818 consignant,
812 759 839 802 et
851 750 918 801 deos
931 750 1069 800 invocant:

153 838 202 873 nos
222 821 376 888 religionem
397 820 423 872 in
444 835 501 888 ipso
520 820 574 871 fide
595 819 726 872 novimus.
763 819 816 877 Qui
840 837 891 871 non
918 830 1071 871 reverentur
1130 865 1131 870 ,

155 890 283 958 homines,
306 890 399 942 lollunt
419 889 492 942 deos.
529 890 587 942 Nec
608 888 655 942 tibi
676 890 763 942 emico
783 905 849 958 opus
870 899 919 958 est,
940 890 976 942 de
998 888 1071 958 cujus
1130 879 1131 938 ἶ

154 960 333 1014 benivolentia
352 960 466 1013 dubites.
503 959 629 1012 Ceterum
641 975 690 1010 nos
700 969 728 1012 et
740 960 822 1012 Asiae
835 969 862 1010 et
876 960 1003 1027 Europae
1016 975 1069 1014 cus·
1130 985 1131 990 ¹

154 1031 230 1084 todes
261 1031 385 1084 habebis:
416 1029 517 1098 Bactra,
543 1029 593 1082 nisi
616 1028 719 1082 dividat
746 1029 851 1097 Tanais,
877 1029 1068 1096 contingimus:
1130 1037 1131 1046 ¹

154 1101 222 1154 ultre
239 1101 351 1154 Tonoirn
371 1117 456 1168 usque
473 1099 507 1152 ad
526 1099 668 1152 Threciam
681 1099 810 1167 colimuS,
829 1099 961 1152 Threciae
982 1099 1069 1151 blace-

153 1170 262 1224 doniem
286 1170 455 1240 conjunctam
479 1186 541 1222 esse
564 1169 637 1222 fama
660 1179 710 1222 est.
754 1169 865 1237 Utrique
890 1169 1008 1238 imperio
1031 1178 1070 1220 tuo

153 1240 287 1305 finitimos,
301 1240 391 1292 hostes
402 1257 437 1292 an
449 1240 552 1292 urnicos
563 1238 631 1292 velis
643 1255 711 1307 erse,
725 1239 872 1292 considere.

189 1315 229 1363 ³6.
255 1311 328 1362 Haec
353 1309 487 1362 barbarus.
524 1310 620 1362 Contra
640 1325 687 1362 rex
707 1309 811 1362 fortune
831 1326 881 1362 sua
905 1317 933 1360 et
958 1308 1071 1361 consiliis

153 1397 244 1434 eorum
258 1397 287 1432 se
302 1397 409 1432 usurum
422 1396 483 1432 esse
496 1379 645 1447 respondet.
676 1379 748 1432 Nem
760 1388 787 1431 et
800 1378 943 1446 fortunam,
957 1380 1002 1432 cui
1015 1395 1071 1430 con·

153 1450 225 1516 fidet,
245 1458 272 1501 et
291 1449 430 1500 consilium
448 1447 627 1517 suadentium,
646 1464 680 1500 ne
699 1448 764 1517 quid
782 1457 885 1502 temere
900 1458 928 1500 et
945 1450 1072 1502 audacter

154 1519 241 1585 iaciat,
255 1529 418 1572 secuturum.
453 1518 631 1588 Dimissisque
649 1518 753 1586 legatis,
772 1521 799 1572 in
818 1529 994 1587 praeparatas
1007 1529 1073 1571 retes

153 1589 302 1642 exercituin
320 1587 453 1656 imposuit.
497 1588 526 1640 ln
544 1589 627 1658 proris
644 1588 772 1657 clipeatos
790 1588 934 1656 locaverat,
947 1588 1037 1656 jussos
1048 1589 1072 1640 in

152 1675 242 1726 genua
266 1659 412 1727 subsidere,
432 1675 485 1727 quo
506 1659 616 1711 tutiores
639 1670 730 1710 essent
753 1657 884 1711 adversus
904 1658 978 1711 ictus
997 1659 1073 1727 sagit·

153 1739 248 1782 tarum.
286 1729 346 1781 Post
370 1727 419 1780 hoe
442 1729 486 1798 qui
506 1736 638 1782 tormenta
657 1728 835 1780 intenderent⁴
855 1727 972 1797 stabant,
994 1738 1023 1782 et
1040 1727 1073 1782 ab

152 1807 261 1867 utroque
281 1798 370 1866 latere,
384 1809 410 1851 et
429 1815 445 1850 s
464 1797 549 1852 fronte
566 1797 723 1852 circumdati
741 1797 859 1852 ermetis.
897 1797 1015 1867 Reliqui,
1028 1799 1072 1868 qui

152 1877 210 1938 post
223 1877 354 1922 tormenta
366 1869 543 1937 constiterant,
555 1868 697 1936 ,remigant
714 1867 820 1920 loricam
841 1867 968 1922 indutum
989 1878 1072 1922 scuto

153 1956 208 1992 rurn
223 1939 357 1992 testudine
369 1939 463 1992 armati
476 1937 657 2008 protegebant.
694 1933 771 1990 Idem
783 1936 847 1990 ordo
859 1937 887 1989 in
900 1937 955 1990 illis
967 1955 1072 2008 quoque

153 2010 259 2076 retibus,
273 2027 342 2078 quse
360 2009 480 2078 equitem
492 2007 635 2075 vehebant,
648 2015 769 2062 servatus
785 2017 834 2060 est.
870 2007 961 2076 Major
980 2026 1072 2078 parsu

151 2079 252 2148 puppe⁸
275 2088 370 2132 nantes
393 2095 476 2147 equos
498 2077 559 2130 loris
583 2076 715 2139 trahebat,
759 2080 795 2130 At
818 2077 885 2144 illos,
910 2095 979 2146 quus
1005 2087 1072 2132 utres

151 2157 295 2202 stramento
316 2147 408 2216 repleti
428 2147 569 2216 vehebant,
590 2146 712 2217 objectae
731 2155 803 2201 rates
822 2148 977 2202 tuebantur.
1015 2149 1071 2218 lpse

152 2235 198 2271 rex
221 2235 283 2270 curn
308 2217 420 2270 delectis
443 2218 543 2286 primus
567 2224 650 2270 retem
674 2217 760 2287 solvit,
781 2226 808 2272 et
832 2218 858 2270 in
884 2218 973 2286 ripam
997 2219 1071 2286 dirigi

149 2286 236 2356 jussit.
273 2289 321 2340 Cui
335 2286 450 2356 Scythae
463 2286 585 2341 admotos
601 2287 708 2340 ordines
726 2287 848 2356 equiturn
862 2287 888 2340 in
901 2287 989 2356 primo
1003 2289 1071 2357 ripae

149 2359 270 2424 margine
289 2365 431 2426 opponunt,
444 2367 473 2409 nt
491 2373 525 2409 ne
542 2356 670 2437 applicari
688 2357 799 2426 quidem
818 2366 904 2410 terrae
923 2367 998 2410 rates
1015 2375 1069 2426 poe

1129 1107 1131 1130 r

1129 1221 1131 1246 t

1129 1251 1131 1276 t

1129 1769 1131 1792 t

1129 1797 1131 1836 l

1130 1885 1131 1911 l

150 2434 219 2478 sent.
255 2426 381 2478 Ceterum
399 2437 501 2504 praeter
513 2426 583 2478 benc
598 2444 716 2493 speciem
730 2427 792 2495 ripis
804 2427 986 2497 praesidentis
999 2445 1069 2480 exer·
1128 2479 1129 2484 ,

150 2495 227 2561 uitus,
249 2495 341 2562 ingens
365 2504 522 2562 navigantes
546 2504 636 2560 terror,
650 2497 800 2550 invaserat:
825 2514 944 2565 namque
966 2515 1067 2550 cursum

148 2565 347 2633 gubernatores,
360 2583 422 2618 cum
435 2564 541 2634 obliquo
553 2565 664 2618 flumine
683 2566 891 2636 impellerentur,
906 2583 1001 2634 regere
1020 2584 1065 2618 non

149 2645 277 2704 poterant,
294 2635 504 2704 vacillantesque
523 2635 632 2705 milites,
648 2645 675 2688 et
695 2655 729 2688 ne
749 2645 937 2690 excuterentur
957 2637 1065 2700 solliciti,

149 2715 288 2760 nautarum
313 2706 459 2758 ministeris
482 2705 659 2758 turbaverant.
703 2707 746 2760 Ne
771 2707 823 2758 tela
846 2705 959 2774 quidem
984 2706 1066 2758 conati

150 2775 220 2828 nisu⁷
239 2776 343 2830 vibrare
361 2784 489 2846 poterant,
503 2791 566 2828 cum
584 2776 653 2846 prior
665 2777 752 2828 standi
770 2777 827 2828 sins
846 2776 975 2845 periculo,
990 2793 1064 2846 qnam

150 2879 231 2926 which
242 2878 295 2928 lead
308 2878 364 2926 thee
380 2888 406 2926 to
422 2878 499 2960 l'orqst
510 2877 554 2938 thy
565 2877 655 2926 humen
667 2888 760 2934 nature,
774 2875 821 2928 arrd
832 2877 873 2926 the
885 2877 935 2926 lact
948 2878 1000 2926 thet
1012 2877 1064 2926 thou

149 2937 480 3066 mpyffgppplppfiopjtppppiqffi
494 3012 535 3044 see
550 2996 720 3065 Graml361.
967 3058 972 3067 ι

177 3057 264 3104 'Thst
275 3073 305 3113 rs,
318 3072 380 3105 even
395 3074 420 3106 m
436 3073 509 3116 pesce
526 3056 585 3116 they
600 3071 692 3104 remeia
707 3056 826 3114 euemies,
842 3057 890 3105 and
906 3069 1021 3106 continue
1032 3068 1062 3104 to

150 3116 229 3164 werde
240 3117 299 3163 each
312 3116 381 3164 other
392 3133 422 3164 on
434 3115 475 3164 the
487 3115 579 3222 festini
590 3115 618 3163 of
629 3131 701 3226 werss
713 3179 757 3224 529
891 3175 964 3224 (1586

178 3240 186 3263 ⁴
199 3234 281 3281 ‘Who
292 3234 378 3302 should
390 3234 482 3283 stretch
493 3235 534 3282 the
546 3185 709 3295 weifrdhtg’ines
718 3235 734 3291 ;’
748 3189 811 3282 thdt0
812 3185 848 3291 1¹2,
860 3192 903 3283 ἵζε
920 3213 1022 3297 engines
1031 3234 1062 3284 iot

149 3294 269 3354 throwing
280 3293 393 3361 missiles.
426 3294 473 3342 We
484 3293 561 3353 speek
572 3293 601 3342 oi
615 3294 726 3354 ‘sarving
737 3294 777 3342 the
788 3296 871 3356 guns.'

178 3361 186 3385 ⁸
197 3351 357 3411 Colleotrvely
368 3351 403 3400 ior
414 3355 520 3415 remiges.
553 3353 600 3400 See
612 3352 711 3412 Zumpt,
724 3353 739 3405 i>
749 3357 800 3402 364.

176 3411 298 3479 'Literall
318 3445 324 3466 ,
340 3409 415 3457 ‘from
427 3411 467 3458 the
479 3421 545 3479 stern
554 3413 570 3468 ;’
583 3410 677 3480 thetis,
693 3418 740 3461 ‘on
752 3412 792 3460 the
804 3415 889 3462 stern.’

177 3470 186 3494 ¹
199 3475 204 3494 ¹
215 3469 284 3536 lilith
294 3426 334 3516 dre
344 3478 449 3528 greatest
458 3471 585 3525 exertron,'
599 3470 671 3518 ‘with
681 3471 722 3518 the
730 3482 820 3520 utmost
829 3471 899 3520 effert
906 3475 924 3530 ς’
934 3491 961 3522 ns
970 3491 1006 3522 we
1012 3489 1060 3532 say,

150 3534 282 3586 ‘strernrng
290 3541 363 3586 every
373 3541 445 3574 nerve
453 3527 468 3574 τ’
481 3530 560 3576 eoacti
568 3527 624 3576 well
631 3544 760 3588 expresses
769 3532 941 3582 concentruted
949 3533 1061 3582 exertius.
