2294 3842
143 215 203 276 stt
410 229 449 270 aa
471 229 577 273 essars
599 230 783 275 neumam.

143 347 256 394 aventus
280 345 400 390 verteme
424 336 536 392 tonans.
579 338 712 408 Trajicere
734 355 843 392 amnem
867 353 933 392 cum
958 339 1057 392 ceteris

142 407 225 477 copiis
243 407 268 458 in
287 407 421 475 regionem
438 405 560 476 insulae,¹
572 407 606 460 de
618 424 671 476 qua
683 417 745 460 ante
757 409 858 460 dictum
871 416 922 472 est,
936 407 1056 476 parabat,

141 493 234 530 averso
252 474 328 528 hoste
346 477 372 529 in
390 493 445 544 eos,
458 476 502 544 qui
520 494 582 530 cum
600 476 752 530 Ptolemaeo
770 477 924 530 inferiorem
943 477 1056 530 obsede-

142 555 198 600 rant
212 547 312 614 ripam,
330 562 394 598 cum
405 545 521 614 procella
533 546 646 600 imbrem
658 547 704 600 vix
721 546 771 600 sub
790 547 867 598 tectis
885 545 1058 600 tolerabilem

141 615 264 668 effundit.
306 613 449 683 Obrutique
478 614 579 668 milites
607 615 697 668 nimbo
720 616 746 668 in
771 625 866 668 terram
893 615 1056 684 refugerunt,

142 684 256 752 navigiis
280 684 433 753 ratibusque
452 683 573 736 desertis.
609 684 661 738 seu
685 684 906 738 tumultuantium
925 685 1057 754 fremitus,

141 753 355 822 obstrepentibus
371 754 465 821 ventis,
483 752 518 804 sb
536 752 611 806 busto
629 770 681 806 noa
702 753 802 824 poterat
819 753 914 806 audiri.
952 755 1058 808 Deinde

141 831 276 876 momento
290 821 414 892 temporis
426 838 561 890 repressus
571 823 622 876 est²
634 822 727 892 imber,
740 833 859 876 ceterum
871 822 940 876 adeo
954 823 1059 892 spissae

142 891 279 945 intendere
298 909 327 944 se
345 891 438 960 nubes,
457 901 486 943 ut
505 891 649 945 conderent
668 891 765 959 lucem,
785 892 883 960 visque
905 892 1059 961 colloquen-

142 962 209 1016 tium
229 962 297 1014 inter
314 961 385 1030 ipsos
401 960 484 1014 iacies
502 961 702 1014 noscitarentur.
738 961 886 1016 Terruisset
906 961 994 1016 alium
1012 963 1059 1015 cb·

141 1030 222 1087 ducta
234 1047 284 1084 nox
297 1030 378 1098 coelo,
391 1047 454 1084 cum
467 1031 554 1098 ignoto
565 1047 645 1084 smne
661 1030 839 1098 navigandum
852 1040 933 1096 esset,
947 1030 1059 1084 forsitan

142 1099 217 1154 hoste
232 1118 292 1154 earn
312 1100 398 1169 ipsam
416 1099 509 1169 ripam,
522 1116 603 1168 quam
621 1100 695 1152 caeci
715 1110 796 1168 atque
817 1099 959 1168 improvidi
978 1109 1006 1152 et
1026 1118 1060 1154 ex

142 1169 259 1240 periculo
278 1169 388 1238 gloriam
405 1182 574 1224 accersentes
592 1169 726 1238 petebant,
739 1178 895 1238 occupante.
932 1169 1060 1222 Obscuri-

142 1248 233 1307 tatem,
249 1256 318 1308 quae
338 1247 440 1291 ceteros
459 1237 582 1307 terrebat,
601 1255 676 1292 suam
696 1239 862 1292 occasionem
882 1239 978 1304 ratus,l
996 1239 1060 1292 dato

142 1309 225 1377 tigno,
243 1317 271 1361 ut
292 1324 386 1362 omnes
405 1306 509 1362 silentio
529 1305 711 1372 ascenderent,
730 1317 816 1360 ratem
835 1325 906 1374 eam,
945 1325 981 1360 ua
1002 1307 1059 1377 ipsc

143 1377 295 1446 vehebatur,
314 1378 428 1446 primam
446 1374 524 1446 jussit
543 1376 651 1446 expelli.
687 1377 780 1430 Vacua
799 1386 855 1430 erat
879 1377 915 1429 ab
955 1379 1061 1430 ostibus

142 1447 206 1516 ripa,
219 1463 288 1515 quas
300 1445 455 1515 petebatur,
473 1443 572 1516 quippe
590 1445 678 1500 adbuc
696 1447 778 1500 Porus
796 1444 982 1500 Ptolemaeum
1002 1456 1060 1500 tan·

142 1524 200 1568 tum
211 1515 369 1568 intuebatur.
405 1514 465 1566 Una
476 1531 538 1583 ergo
551 1514 621 1584 navi,
630 1531 712 1584 quam
724 1519 814 1584 petrae
826 1514 926 1568 fluctus
938 1514 1058 1586 illiserat,

141 1583 276 1706 hagrente,
290 1593 396 1636 ceterae
414 1582 531 1638 evadunt
539 1599 547 1653 3
565 1601 694 1654 armaque
706 1601 803 1654 capere
815 1583 926 1653 milites,
939 1593 967 1636 et
982 1585 1018 1637 ire
1030 1586 1060 1638 in

141 1654 249 1706 crines
277 1653 352 1705 ussit.

176 1726 218 1776 tt.
238 1670 351 1790 uimque
369 1738 467 1790 agmen
485 1721 511 1775 in
529 1739 628 1776 cornua
644 1722 762 1776 divisum
780 1722 837 1792 ipse
855 1721 982 1790 ducebat,
996 1740 1060 1776 cum

142 1789 208 1844 Poro
235 1793 377 1861 nuntiatur,
400 1792 483 1845 armis
507 1791 624 1860 virisque
653 1792 738 1862 ripam
768 1791 887 1860 obtineri,
912 1800 941 1844 et
969 1809 1060 1846 rerum

141 1859 236 1918 adesse
249 1861 398 1916 discrimen·
433 1863 474 1914 Ac
506 1860 581 1916 rimo⁴
596 1861 705 1918 humani
724 1861 822 1931 ingenii
834 1861 898 1916 vitio
914 1862 973 1930 spei
994 1879 1058 1916 suae

142 1930 289 2000 indulgens,
303 1930 434 1984 Abisaren
452 1877 516 1984 belii
535 1930 636 1986 socium
654 1932 694 2054 §et
711 1929 749 1984 ita
766 1931 940 2000 convenerat)
958 1931 1058 1984 adven-

143 2009 199 2054 tare
223 2000 358 2054 credebat.
401 1999 467 2052 Mox
490 1997 631 2069 liquidiore
667 2017 717 2055 uoe
740 2001 876 2070 aperiente
901 1999 1059 2069 bostem,C

161 2070 284 2139 uadrigas
306 2078 333 2122 et
362 2069 413 2125 1111
436 2068 511 2122 milia
534 2069 656 2138 equitum
679 2069 799 2124 venienti
821 2069 923 2138 agmini
947 2069 1056 2139 objecit.

143 2087 202 2194 itus
229 2147 286 2192 erat
312 2139 456 2208 copiarum,
481 2155 547 2217 quas
575 2139 721 2209 praemisit,
746 2139 835 2207 Hages
858 2138 940 2192 frater
963 2138 1057 2210 ipsius,

143 2225 250 2262 summa
267 2207 364 2262 virium
386 2208 412 2262 in
432 2207 559 2262 ourrrbus.
596 2209 679 2262 Senos
697 2208 769 2262 viros
791 2208 890 2276 singuli
911 2208 1055 2278 vehebant,

142 2277 209 2330 duos
220 2276 355 2346 clipeatos,
369 2275 435 2330 duos
446 2278 600 2348 sagittarios,
613 2278 649 2332 ab
666 2288 777 2350 utroque
795 2277 878 2330 latere
897 2278 1058 2346 dispositos:

141 2345 249 2412 aurigae
262 2355 338 2397 erant
350 2346 441 2414 ceteri,
453 2345 525 2400 baud
538 2364 602 2400 sane
620 2348 745 2417 inermes,
758 2349 858 2427 quippe
875 2347 965 2417 jacula
984 2365 1057 2401 com·
1135 2399 1136 2402 ,

142 2413 225 2536 filum,
244 2414 290 2466 ubi
311 2415 461 2467 comminus
478 2415 661 2483 proeliandum
679 2425 745 2486 erat,
764 2417 870 2470 omissis
888 2416 1010 2486 habenis,
1029 2418 1058 2474 iu

161 2492 244 2536 ostem
258 2482 423 2550 ingerebant.
458 2484 582 2538 Ceterum
594 2485 640 2539 vix
653 2486 724 2540 ullus
741 2503 805 2540 usus
822 2485 903 2555 hujus
915 2487 1012 2540 anxilii
1024 2504 1057 2540 ec
1135 2485 1136 2488 ’

142 2551 185 2606 die
209 2553 268 2607 luit.
304 2553 437 2621 Namque,
460 2561 488 2604 ut
513 2570 591 2676 supra
613 2554 715 2610 dictum
737 2563 785 2623 cst,
807 2555 895 2608 imber
915 2556 1057 2610 violentias

130 2638 224 2692 uuam
238 2622 309 2676 alias
326 2622 403 2676 lusus
418 2638 527 2690 campos
556 2623 659 2678 ubricos
676 2632 705 2678 et
723 2624 919 2694 inequitabiles
937 2625 1056 2694 feceram
1134 2633 1135 2636 ’

141 2709 288 2761 gravesque
306 2701 334 2746 et
351 2691 541 2762 propemodum
560 2693 715 2748 immobiles
727 2711 820 2748 currus
831 2693 924 2746 illuvie
936 2711 968 2747 ac
982 2712 1055 2748 vcra·

141 2761 257 2830 ginibus⁸
286 2761 439 2815 haerebant.
480 2762 576 2815 Contra
602 2763 755 2816 Alexander
784 2763 910 2832 expedito
939 2781 972 2816 ac
1003 2763 1055 2818 levi

141 2833 248 2900 agmine
267 2840 372 2886 strenue
391 2831 511 2884 invectus
528 2840 577 2883 est.
612 2832 728 2902 Scythae
746 2841 773 2885 et
792 2831 885 2886 Dahae
903 2833 982 2902 primi
1001 2849 1055 2886 om·

141 2901 214 2954 nium
234 2902 354 2954 invasere
375 2900 467 2954 Indos:
493 2900 649 2954 Perdiccam
668 2901 767 2954 deinde
788 2917 851 2954 cum
871 2902 1011 2971 equitibus
1030 2903 1055 2955 in

141 2968 264 3024 dextntm
287 2987 367 3024 comu
392 2969 507 3023 hostium
531 2968 629 3022 emisit.
665 2969 727 3025 Jam
755 2970 875 3041 undique
905 2989 996 3042 pugna
1027 2989 1054 3025 se

172 3099 180 3124 ¹
192 3093 235 3142 ‘In
247 3093 287 3140 the
298 3093 415 3142 direction
426 3093 454 3143 ol
461 3094 512 3142 that
524 3092 617 3142 island!

170 3164 320 3221 ¹‘Ceased’
336 3172 402 3214 ‘was
413 3165 528 3215 checkcd'
541 3167 582 3226 (by
594 3165 634 3214 the
646 3166 723 3228 gods).

170 3237 228 3286 'He
240 3235 325 3286 loclred
334 3251 399 3297 upon
408 3239 449 3288 the
457 3238 574 3287 darkness
583 3253 611 3286 as
619 3254 633 3286 a
640 3237 758 3288 fortunate
767 3240 943 3290 circumstance
951 3239 988 3288 lor
995 3240 1052 3288 him.

170 3320 180 3346 ⁴
192 3316 236 3362 ‘At
245 3314 314 3364 firstr’
324 3315 374 3364 this
383 3317 403 3364 is
412 3317 453 3364 the
462 3316 559 3372 adverb,
567 3324 609 3364 not
619 3317 660 3366 the
670 3317 787 3380 adjective
797 3318 911 3386 agreeing
917 3319 979 3369 with
988 3319 1052 3370 uitia

171 3399 180 3424 ⁸
190 3393 273 3440 ‘Unfit
283 3393 319 3440 for
329 3393 434 3452 cavalry,
446 3393 481 3441 lor
492 3410 519 3442 cr
528 3394 608 3456 riding
618 3396 693 3444 over.’

142 3479 147 3488 ·
170 3467 180 3492 ⁸
191 3464 235 3512 ‘In
245 3465 303 3514 mud
312 3465 359 3514 and
369 3464 455 3514 holos!
