2274 3844
150 207 204 262 too
414 221 453 260 nr
476 222 583 262 casrrs
606 222 791 262 sarzanum.

146 333 228 384 dones
241 331 379 398 Ariosque.
415 330 565 398 Transfuga
583 331 768 384 Satibarzanes
786 329 906 382 barbaris
923 339 1044 398 praeerat:

146 401 192 468 qni
215 417 276 452 curn
301 417 417 468 pugnam
443 418 553 466 segnem
580 401 714 468 utrimque
743 399 838 467 nequis
861 398 961 450 viribus
988 409 1045 452 aare

146 471 262 537 vidisset,
277 469 302 522 in
316 471 414 538 primos
430 469 537 522 ordines
554 469 727 538 adequitavit,
740 469 906 537 demptaque
925 469 1005 537 galee,
1016 470 1046 524 in-

145 539 235 590 hibitis
258 537 302 606 qui
328 537 381 590 tela
402 539 544 608 jaciebant,
564 540 586 591 si
610 539 670 608 quis
693 538 791 589 viritim
815 537 947 590 dimicare
970 539 1045 608 vellet,

144 607 294 676 provocarit
312 607 346 660 ad
360 626 475 687 pugnam
484 625 492 678 5
511 609 611 662 nudum
630 626 659 660 se
677 618 757 676 caput
776 607 802 658 in
821 607 969 659 certamine
986 607 1046 662 hubi-

144 687 241 730 turnm.
277 678 336 730 Non
361 677 419 730 tulrt
444 677 570 730 ferociam
595 677 698 730 barbari
722 676 798 728 ducis
819 676 953 745 Erigyius,
973 678 1049 744 gravis

143 747 251 814 quidem
270 748 376 814 aetate,¹
400 747 447 800 sed
466 755 492 799 et
511 747 594 800 animi
613 756 639 799 et
658 746 773 814 corporis
792 746 884 798 robore
904 745 969 798 nulli
987 745 1049 814 jure·

144 833 206 868 num
232 814 424 885 postferendos.
471 816 497 868 ls
520 817 597 884 galea
627 815 738 884 dempta
763 816 890 866 canitiem
914 825 1050 882 ostentans,

145 886 229 952 Venit,
245 886 335 954 inquit,
349 885 414 952 dies,
434 903 485 952 qno
502 895 548 936 aut
567 886 682 952 victoria,
695 893 741 936 ant
760 891 843 936 morte
862 883 1050 936 honestissima.

144 955 237 1024 quales
249 956 359 1006 antrccs²
371 965 397 1006 et
417 956 513 1007 milites
526 954 677 1006 Alexander
696 954 799 1018 habeat,
813 953 965 1004 ostendam.
1002 956 1051 1006 Ner

145 1025 218 1092 plura
231 1027 351 1076 elocutus
364 1043 461 1092 equum
477 1025 500 1075 in
516 1025 618 1076 hostem
632 1025 695 1092 egit.
733 1023 871 1076 Crederes³
888 1023 1052 1090 imperatum,

144 1103 170 1146 ut
183 1095 255 1146 acies
267 1104 393 1162 utraeque
407 1094 459 1146 tela
468 1093 631 1146 cohiberent.
669 1093 791 1145 Protinus
800 1101 871 1144 certe
883 1101 1053 1160 recesserunt,

143 1161 204 1214 dato
227 1164 310 1216 libero
331 1164 423 1233 spatio,
445 1164 538 1216 intenti
560 1163 587 1216 in
607 1171 744 1232 eventum,
765 1178 815 1214 non
836 1160 951 1214 duorum
973 1161 1054 1230 modo,

143 1232 188 1284 sed
214 1233 296 1286 etiam
319 1250 384 1284 suae
407 1233 491 1300 sortis,
513 1232 610 1302 quippe
630 1231 748 1284 alienum
769 1231 911 1283 discrimen
933 1231 1054 1284 secuturi

145 1303 214 1353 Prior
227 1301 352 1354 barbatus
364 1302 453 1354 emisit
471 1302 583 1369 hastam,
597 1319 678 1370 quarn
698 1299 823 1370 Erigyius
839 1299 945 1352 modica
964 1301 1056 1370 capitis

143 1369 318 1423 declinatione
336 1371 436 1439 vitavit,
455 1380 535 1440 atque
555 1371 612 1439 ipse
631 1370 755 1423 intestam
775 1371 905 1438 sarissam,
919 1387 989 1438 equo
1006 1369 1056 1422 cal·

143 1441 248 1492 caribus
268 1441 378 1508 concito,
401 1440 426 1492 io
446 1438 535 1492 medio
555 1440 661 1494 barbari
680 1441 798 1508 gutture⁴
817 1439 853 1491 ita
872 1439 937 1507 lixit,
956 1447 989 1492 ut
1012 1456 1057 1508 per

143 1511 276 1561 cervicem
294 1508 433 1561 emineret.
470 1508 663 1578 Praecipitatus
679 1525 713 1560 ex
725 1524 794 1578 equo
813 1508 942 1562 barbarus
959 1507 1057 1562 adhuc⁵

143 1588 232 1631 tamen
257 1577 427 1647 repugnabat.
464 1577 516 1632 Sed
539 1578 583 1631 ille
608 1587 756 1631 extractam
779 1595 794 1630 e
818 1577 928 1632 vulnere
951 1577 1057 1632 hastam

143 1665 229 1700 rursus
253 1647 278 1698 in
302 1664 332 1698 os
357 1645 455 1715 dirigit.
501 1647 687 1701 Satibarzanes
711 1665 792 1700 mauu
815 1647 981 1716 complexus,
1006 1665 1056 1717 quo

142 1717 269 1770 maturius
289 1716 416 1785 interiret,
438 1717 521 1770 ictum
541 1717 624 1770 hostis
644 1715 755 1786 adjuvit.
793 1717 827 1770 Et
850 1716 963 1786 barbari,
986 1716 1055 1770 duce

141 1787 238 1838 amisso
258 1803 339 1855 quem
360 1786 446 1856 magis
466 1787 625 1840 necessitate
649 1803 730 1855 quam
754 1795 847 1855 sponte
867 1785 954 1840 secuti
973 1797 1055 1856 eraut,

142 1866 204 1907 tunc
225 1855 294 1908 haud
315 1856 486 1909 immemores
505 1856 658 1908 meritorum
679 1855 832 1922 Alexandri,
854 1873 929 1908 arma
950 1856 1056 1925 Erigyio

142 1925 254 1978 tradunt.
290 1927 347 1979 Rex
360 1926 402 1979 his
420 1925 529 1995 quidem
548 1925 640 1994 laetus,
654 1924 689 1978 de
701 1925 835 1995 Spartanis
848 1924 1056 1995 haudquaquam

141 2013 257 2064 securus,
270 2013 368 2064 magno
381 2006 470 2048 tamen
488 1995 576 2048 animo
595 1993 744 2049 delectnm⁸
762 2011 854 2047 eornm
872 1994 940 2063 tulit,
954 1995 1055 2064 dicens,

141 2082 190 2118 nou
209 2075 270 2117 ante
288 2081 367 2118 ausos
384 2063 493 2116 consilia
512 2063 620 2132 nudare,
651 2082 715 2118 uam
733 2065 820 2134 ipsum
833 2065 947 2117 adfines
965 2065 1056 2118 Indiae
1114 2115 1120 2132 ,

141 2134 293 2202 pervenisse
317 2133 510 2202 cognovissent.
558 2134 618 2201 lpse
665 2151 755 2186 essum
779 2151 943 2203 persequens
966 2133 1056 2203 copias

141 2204 236 2256 movit:
255 2204 299 2255 cui
313 2203 436 2272 Erigyius
448 2202 552 2255 barbari
564 2211 652 2272 caput,
666 2203 787 2272 opimum
800 2202 864 2256 belli
876 2202 969 2271 decus,
982 2221 1055 2272 prae·

141 2271 229 2324 serens
240 2271 362 2324 occurrit.

175 2345 215 2392 20.
235 2341 315 2408 lgitur
334 2340 530 2393 Bactrianorum
550 2340 657 2408 regione
669 2341 803 2396 Artabazo
821 2341 925 2410 tradita,
939 2342 1056 2395 sarcinas

140 2419 166 2460 et
178 2409 371 2478 impedimenta
383 2409 493 2461 ibicum
513 2409 644 2477 praesidio
664 2410 779 2479 reliquit.
815 2411 875 2480 lpse
893 2428 957 2463 cum
977 2428 1054 2481 expe·

139 2479 193 2531 dito
223 2477 331 2546 agmine
358 2477 416 2529 loca
443 2477 550 2529 deserta
577 2477 778 2546 Sogdianorum⁷
807 2481 894 2550 intrat,
927 2490 1054 2534 nocturno

168 2600 222 2646 ΗΑ
233 2613 288 2646 man
300 2596 355 2644 well
367 2613 399 2656 up
410 2597 434 2644 in
462 2597 532 2644 ears!
566 2597 620 2644 The
632 2600 775 2658 expresion
786 2601 807 2648 is
817 2601 954 2650 somcwhat
971 2600 1052 2650 indefi-

139 2659 196 2714 nite,
208 2661 251 2708 but
261 2659 277 2706 it
287 2657 404 2717 probably
411 2657 435 2704 in
453 2657 527 2704 icatcs
537 2656 588 2704 that
598 2657 713 2718 Erigyius
723 2675 773 2707 was
784 2675 862 2708 eman
870 2659 898 2709 ol
905 2663 981 2710 about
990 2661 1054 2722 sixty

139 2717 433 2837 yeprplonqongquivalem
444 2776 501 2826 here
512 2785 538 2824 to
548 2777 626 2831 duces,
635 2780 774 2838 praefectos.

167 2844 177 2866 ⁸
189 2839 260 2886 ‘One
271 2837 352 2888 would
363 2837 424 2885 have
435 2834 555 2896 thought!
589 2835 636 2882 See
650 2837 730 2884 Gram.
743 2837 757 2887 b
768 2841 820 2895 347,
831 2849 896 2888 note.

168 2903 176 2924 ⁴
188 2897 209 2944 lt
221 2899 299 2959 might
311 2898 362 2946 also
373 2897 434 2944 heve
446 2898 508 2944 been
519 2897 543 2944 in
555 2897 656 2943 medium
664 2905 758 2957 guttur.

169 2964 176 2986 ³
188 2957 304 3016 Properly
314 2973 388 3017 osque
399 2975 423 3004 eo
433 2972 460 3004 or
470 2957 595 3002 dianetum.
628 2954 675 3002 See
688 2954 786 3015 Zumpt,
799 2957 812 3008 b
824 2961 875 3006 292.

167 3019 175 3043 ⁸
188 3016 242 3062 The
254 3031 319 3063 more
331 3016 442 3084 ordinary
453 3015 514 3064 form
526 3013 606 3061 would
616 3014 677 3061 here
688 3015 751 3061 been
766 3018 924 3077 desectionem,
938 3033 966 3066 as
977 3018 1002 3066 in
1014 3018 1052 3065 the

140 3072 737 3192 firptqsppstgppprpgetpypscgryrpyteq,xbgtreq‘qqqpifilrppp
739 3074 895 3182 mltffii'oihg
898 3112 970 3203 north
979 3135 1050 3184 olthe

140 3190 239 3238 modern
248 3189 337 3243 Brdlrh,
351 3193 397 3239 and
408 3193 510 3240 extends
521 3191 658 3240 northward
669 3201 695 3238 to
706 3192 746 3239 the
760 3193 838 3240 Oxus.
866 3193 881 3242 J
884 3193 976 3254 udgrng
992 3194 1051 3244 from

140 3249 180 3316 the
192 3264 261 3296 name
272 3248 296 3295 in
308 3264 351 3296 our
362 3261 422 3305 tert,
436 3251 536 3300 Curtius
547 3267 648 3310 appears
663 3260 690 3297 to
700 3250 796 3300 include
808 3252 849 3300 the
860 3252 942 3300 desert
955 3255 980 3300 in
991 3253 1049 3309 sog-

139 3307 217 3361 drana,
231 3307 322 3366 though
334 3307 374 3354 the
388 3310 458 3357 Oxus
475 3311 495 3358 is
512 3311 607 3370 usually
619 3310 739 3358 rechoned
751 3311 792 3358 the
803 3312 917 3370 boundar

140 3365 267 3415 Bactriana
275 3365 322 3414 and
332 3365 459 3424 Sogdiana.
477 3371 514 3416 As
521 3380 546 3416 to
553 3370 594 3416 the
602 3370 775 3429 night-march,
785 3386 821 3416 we
830 3381 894 3418 must
902 3387 918 3418 u

140 3424 190 3469 thar
206 3427 246 3472 the
263 3439 331 3484 army
346 3435 383 3470 set
399 3435 440 3472 out
457 3429 561 3476 towards
577 3429 688 3489 waning,
701 3429 748 3476 and
763 3429 877 3477 murchad
894 3431 929 3477 tit.

141 3480 210 3526 when
220 3483 261 3530 the
272 3483 327 3531 hsat
340 3484 452 3529 becomes
463 3493 553 3544 strong.
