2322 3850
127 205 166 264 82
391 222 430 262 nn
454 220 562 261 savrra
583 219 768 262 anaxaxnnr.

125 347 189 386 cum
213 329 345 386 incondita
367 329 508 383 multitudo
532 330 649 382 maxime
673 337 777 398 propter
801 329 922 399 jumenta
945 328 1031 382 laxius

125 399 253 454 tenderet.
289 400 383 468 ltaque
401 417 433 451 eo
453 400 509 468 ipso
528 398 585 451 loco
605 397 698 452 metari
717 415 780 451 suos
797 409 883 451 castra
899 398 1031 468 jusserat,¹

125 469 219 538 laetus,
228 468 299 540 quod
308 470 380 522 omui
388 468 535 538 expetierat
545 477 611 536 voto,
623 470 647 520 in
661 468 715 520 illis
727 468 892 536 potissimum
901 469 1032 536 angustiis

124 537 322 592 decernendum
340 537 415 590 t'ore.2
449 539 581 604 Ceterum,
596 548 622 592 ut
636 537 702 588 solet
714 537 779 602 lieri,
793 555 853 590 cum
873 539 959 590 ultimi
976 537 1030 591 dis-

57 620 61 637 ¹
124 607 240 661 criminis
253 617 358 676 tempus
369 608 503 674 adventat,
518 610 543 660 in
555 607 759 661 sollicitudinem
774 624 848 659 versa
866 607 964 659 fiducia
979 617 1030 660 est.

124 677 200 730 lllarn
211 679 293 746 ipsam
304 679 442 744 torinnam,
453 694 505 745 qua
514 679 646 746 aspirante
656 693 697 727 res
707 685 759 728 tam
773 692 894 745 prospere
903 688 1029 746 gesserat,

124 750 270 816 verebatur,
281 763 331 799 nec
343 747 437 816 injuria
449 763 482 799 ex
496 747 544 816 his,
554 763 622 816 quae
636 745 769 800 tribuisset
782 746 841 813 sibi,
851 763 932 819 quam
944 757 1031 798 muta·

123 815 184 870 bilis
203 825 281 888 esset,
303 817 457 886 reputabat:
482 833 562 868 unam
583 831 722 886 superesse
742 825 856 884 noctem,
875 832 944 885 quae
965 816 1030 868 tanti

123 883 284 938 discriminis
301 896 446 939 moraretur
464 896 599 938 eventum.
635 886 734 938 Rursus
751 885 913 953 occurrebat,
931 884 1031 952 majora

123 954 384 1026 periculispraemia,
396 964 422 1006 et
435 957 502 1006 sicot
515 954 626 1007 dubium
636 964 714 1022 esset,
724 971 756 1004 an
767 955 902 1024 vinceret,⁸
914 956 952 1006 ita
964 955 1030 1008 illud

124 1025 225 1094 utiqne⁴
237 1035 340 1078 certum
352 1041 420 1092 esse,
429 1024 540 1076 honeste
552 1035 577 1076 et
591 1041 653 1076 com
666 1039 762 1090 magna
775 1023 853 1076 laude
866 1025 1030 1076 moriturum.

123 1093 214 1163 ltaque
234 1111 342 1165 corpora
361 1093 459 1146 milites
476 1110 569 1146 curare
587 1094 671 1162 jussit,
684 1110 716 1144 ac
729 1093 825 1145 deinde
841 1095 918 1146 tertia
932 1093 1031 1160 vigiliar‘

123 1163 262 1216 instructos
275 1175 301 1216 et
313 1175 427 1216 armatos
440 1179 506 1214 esse.
538 1163 597 1231 lpse
610 1163 637 1215 in
647 1163 739 1232 jugum
753 1163 815 1215 editi
831 1165 926 1216 montis
937 1179 1031 1216 aecem

123 1233 169 1302 dit,
184 1233 259 1286 multi
294 1251 327 1286 ue
346 1232 539 1285 collucentibus
558 1233 660 1284 lacibus
679 1233 760 1300 patrio
779 1249 850 1284 more
869 1233 1031 1286 sacrificium

123 1301 174 1354 diis
186 1251 351 1372 praesidibus
363 1302 411 1354 loci
425 1301 498 1354 fecit.
527 1303 641 1371 Jamque
654 1303 767 1368 tertium,
779 1302 846 1354 sicut
859 1310 1030 1371 praeceptum

123 1381 186 1441 erat,
200 1373 304 1439 signnm
325 1372 387 1424 tuba
406 1370 483 1423 miles
501 1381 648 1439 acceperat,
671 1372 755 1423 itineri
776 1371 853 1424 simul
874 1383 979 1441 paratos
997 1389 1030 1426 ac

123 1441 234 1510 proelio:
254 1450 413 1510 strenueque
430 1439 494 1510 jussi
508 1441 656 1508 procedere,
670 1441 769 1492 oriente
781 1439 841 1492 luce
855 1451 1030 1510 pervenerunt

123 1510 155 1562 ad
176 1512 318 1579 angustias,
337 1527 404 1579 quas
423 1526 552 1578 occupare
572 1509 751 1562 decreverant.
790 1511 903 1563 Dareum
926 1512 1031 1578 triginta

122 1569 184 1632 indi
208 1579 290 1631 stadia
314 1579 409 1632 abesse
434 1579 571 1648 praemissi
593 1579 753 1631 indicabant.
790 1580 865 1632 Tunc
886 1584 1030 1634 consistere

121 1665 219 1718 agmen
230 1649 313 1718 jubet,
326 1649 460 1718 armisque
474 1651 529 1718 ipse
543 1651 656 1717 sumptis
667 1651 752 1700 aciem
766 1650 876 1702 ordinat.

157 1723 198 1770 22.
217 1720 302 1771 Dareo
313 1719 458 1772 adventum
475 1717 689 1787 hostinmpavidi
703 1729 822 1785 agrestes
834 1721 1028 1791 nuntiaverunt,
1068 1773 1070 1777 .

122 1787 165 1841 vix
183 1788 300 1842 credenti
319 1805 455 1841 occurrere
474 1789 564 1856 etiam,
577 1805 643 1856 quos
661 1797 693 1839 ut
708 1787 842 1854 fugientes
860 1789 1028 1860 sequebatur.

122 1858 190 1926 Ergo
199 1874 250 1910 non
257 1857 399 1910 mediocris
407 1859 526 1912 omnium
534 1860 636 1910 animos
645 1857 756 1910 formido
764 1857 920 1912 incesserat:
931 1861 1030 1930 quippe

120 1927 205 1980 itineri
214 1945 294 1996 quam
305 1928 402 2008 proelio
411 1927 526 1998 aptiores
535 1937 607 1978 erant
618 1944 623 1978 :
638 1929 785 1995 raptimque
794 1943 868 1979 arma
878 1929 1028 1998 capiebant.

121 1993 171 2050 Sed
185 1998 242 2066 ipsa
253 1997 385 2050 festinatio
397 1997 602 2052 discurrentium
618 2004 732 2064 suosque
745 1995 777 2047 ad
791 2013 865 2049 arma
878 1999 1029 2052 vocantium

121 2067 248 2135 majorem
260 2078 363 2120 metum
377 2067 496 2130 incussit.
520 2067 572 2120 Alii
586 2067 611 2118 in
623 2067 717 2135 jugum
731 2068 828 2118 montis
839 2079 985 2136 evaserant,
1000 2076 1030 2121 ut

120 2135 234 2188 hostium
245 2153 343 2204 agmen
356 2137 416 2189 inde
430 2137 622 2205 prospicerent,
641 2151 724 2204 equos
741 2134 862 2204 plerique
881 2137 1028 2192 frenabant.

85 2223 86 2226 ’
120 2205 224 2258 Discors
248 2207 387 2276 exercitus,
408 2223 458 2257 nec
481 2205 514 2257 ad
539 2222 621 2258 unum
646 2205 762 2258 intentus
786 2205 934 2274 imperium,
956 2208 1029 2260 vario

119 2273 233 2326 tumultu
246 2284 341 2326 cuncta
353 2274 513 2327 turbaverat.
551 2275 652 2326 Dareus
664 2275 736 2328 initio
748 2274 842 2343 jugum
854 2277 951 2329 montis
963 2293 1027 2332 cum

119 2353 193 2412 parte
211 2344 346 2411 copiarum
364 2360 493 2412 occupare
513 2343 611 2412 statuit,
625 2353 651 2395 et
667 2361 683 2394 a
696 2344 779 2395 fronte
792 2354 819 2396 et
832 2361 848 2396 a
860 2354 932 2413 tergo
945 2346 1028 2399 circu·

119 2413 232 2466 miturus
255 2411 367 2478 hostem,
389 2431 404 2464 a
425 2412 500 2472 mari,
513 2429 625 2481 quoque,
647 2429 698 2482 quo
718 2413 841 2466 dextrum
864 2413 924 2484 ejus
947 2432 1027 2470 cornu

120 2482 265 2550 tegebatur,
278 2481 344 2534 alios
355 2481 514 2550 objecturus,
529 2495 556 2534 ut
570 2481 688 2550 undique
700 2493 814 2550 urgeret.
841 2483 947 2536 Praeter
959 2483 1028 2540 haec

118 2551 208 2620 viginti
233 2550 306 2604 milia
329 2553 474 2621 praemissa
494 2569 556 2604 com
578 2551 771 2618 sagittariorum
792 2570 879 2621 manu,
900 2554 1028 2608 Pinarum

118 2637 234 2689 emnem,
244 2620 289 2688 qui
302 2620 354 2673 duo
366 2621 474 2690 agmina
486 2621 660 2690 interfluebat,
672 2623 788 2691 transire,
799 2631 826 2676 et
838 2623 1027 2693 objicereuseae

118 2691 299 2746 Macedonum
317 2691 400 2760 copiis
417 2690 545 2761 jusserat:
565 2692 586 2741 si
605 2690 632 2742 id
650 2701 782 2759 praestare
795 2709 845 2744 non
859 2706 973 2762 possent,
987 2711 1027 2746 re·

118 2760 253 2812 trocedere
272 2760 297 2812 iu
316 2770 427 2829 montes,
448 2769 473 2811 et
493 2761 596 2811 occulte
615 2761 754 2813 circumire
775 2761 884 2814 ultimos
901 2759 1026 2816 hostium.

118 2829 241 2882 Ceterum
261 2827 391 2882 destinata
410 2830 548 2882 salubriter
566 2829 636 2880 omni
659 2829 758 2882 ratione
776 2831 905 2899 potentior
922 2830 1027 2885 fortuna

117 2895 241 2952 discussit
252 2897 270 2951 :⁰
288 2900 385 2969 quippe
403 2899 445 2952 alii
459 2917 520 2968 prae
533 2907 607 2960 metu
621 2898 759 2968 imperium
772 2901 868 2968 exequi
882 2916 932 2952 non
944 2902 1026 2954 aude-

146 3013 153 3036 ¹
164 3005 282 3076 Jurserot,
295 3007 330 3057 for
336 3010 422 3070 jussit,
436 3020 460 3056 to
471 3021 571 3068 express
582 3009 693 3069 rapidity.
726 3011 773 3058 See
786 3011 884 3071 Zumpt,
897 3011 972 3063 ibod.

145 3071 155 3098 ¹
166 3066 264 3114 Curtius
276 3068 307 3114 m'
327 3069 352 3115 ht
364 3069 424 3116 have
436 3069 488 3116 said
498 3071 665 3116 deremendum
676 3087 732 3117 esre.
910 3105 911 3109 ,

145 3125 301 3173 '‘Whether
336 3143 349 3174 e
369 3127 449 3174 would
468 3138 508 3176 not
527 3129 650 3187 conquen’
683 3128 738 3176 The
756 3130 898 3188 expression
916 3139 1026 3181 statess

115 3185 206 3292 immi
222 3184 377 3295 qu3t5pnplies
396 3187 447 3233 also
467 3187 507 3236 the
526 3188 671 3250 probability
689 3187 717 3237 of
734 3189 775 3237 the
794 3187 944 3238 affirmative.
977 3188 1025 3238 See

138 3260 178 3292 um
296 3279 301 3290 .
545 3269 547 3273 ·

143 3309 152 3332 ⁴
164 3260 214 3351 ‘lli
225 3302 257 3351 ull
268 3311 353 3350 events
361 3303 378 3358 ;’
394 3302 521 3352 ‘however
532 3315 632 3353 matters
644 3321 700 3366 mey
710 3305 752 3354 sall
762 3308 822 3355 out!

144 3363 227 3468 'Tum
239 3362 269 3420 is,
282 3361 342 3410 after
353 3361 480 3434 midnight,
491 3378 518 3410 as
529 3363 569 3412 the
581 3363 651 3426 night
659 3381 711 3414 was
721 3364 817 3425 divided
828 3366 879 3414 into
889 3366 943 3416 four
952 3367 1025 3427 equit

115 3430 177 3468 vvatc
194 3437 228 3469 es.

142 3480 326 3539 “Shattered‚'
342 3477 480 3528 ‘nullified’
