2278 3846
485 282 577 322 arasa
597 282 625 322 r.
954 269 1009 325 117

90 387 174 440 urbis
197 387 330 457 exclusus,
351 390 500 442 consecutis
522 401 629 443 strenue
653 389 779 458 hostibus,
799 409 861 445 curu
885 392 1009 446 omnibus

92 453 181 534 fugae
200 457 344 510 comitibus
362 469 484 510 renovato
504 460 601 528 proelio
619 459 724 513 cecidit.
760 462 882 514 Craterus
894 478 1007 532 quoque,

92 534 194 593 raptim
208 528 316 593 agmine
327 535 393 596 acto,
407 529 565 596 supervenit.

137 599 178 645 17.
197 595 255 648 Rex
273 597 367 648 eodem
390 597 455 666 loco,
474 613 527 666 quo
551 598 665 650 hostium
686 615 717 650 co
737 599 776 651 iss
792 597 903 668 fuderat,
922 610 1009 653 castra

91 665 256 716 communit.
292 664 459 734 Quamquam
483 667 554 719 enirn
578 668 696 736 undique
717 615 798 734 lbgati
822 667 911 720 hostes
928 669 1008 720 victo·

93 731 166 784 riaru
193 743 385 801 concesserant,
408 745 496 787 tamen
521 736 655 804 praealtae
678 737 887 805 praecipitesque
911 738 1006 807 fossae,

91 801 223 868 pluribus
243 803 307 855 locis
324 803 452 872 objectae,
467 804 626 874 abruperant
646 805 702 873 iter,
717 805 869 874 sensimque
887 815 912 857 et
930 817 1008 859 caute

92 871 323 938 progrediundum
342 881 406 941 erat,
425 872 479 942 jam
501 892 551 928 non
573 873 695 942 hostiurn,
715 873 763 927 sed
781 874 895 926 locorum
915 873 1007 928 fraude

92 950 233 1008 suspecta.
269 941 423 994 Procedenti
441 944 464 994 ei
486 942 587 994 litterae
608 942 753 995 redduntur
770 960 786 995 a
804 942 929 1010 Tiridate,
949 961 1006 996 cus-

94 1009 161 1060 tode
186 1011 317 1078 pecuniae
341 1012 427 1080 regiae
456 1011 609 1079 iudicantes,
629 1029 682 1081 eos,
702 1013 747 1081 qui
771 1013 796 1064 iu
821 1011 885 1064 urbe
909 1023 1005 1082 essent,

92 1077 192 1130 audito
210 1079 271 1147 ejus
283 1079 407 1148 adventu,
421 1051 534 1201 diripere
547 1081 616 1133 velle
636 1081 772 1134 thesauros
783 1080 906 1133 dimissos
915 1083 932 1132 :¹
951 1099 1006 1151 pro·

94 1155 204 1216 peraret
228 1164 373 1216 occupare:
398 1166 465 1218 expe
486 1151 550 1202 itum
573 1151 621 1202 iter
637 1167 706 1217 esse,
725 1167 886 1219 quamquam
906 1153 1008 1203 Araxes

94 1218 188 1268 amnis
205 1218 345 1270 interfluat.
382 1218 488 1271 Nullam
504 1220 627 1271 virtutem
647 1221 716 1288 regis
735 1221 808 1272 istius
820 1219 912 1287 magis,
925 1236 1006 1288 quam

94 1286 275 1355 celeritatem,
300 1286 496 1340 laudaverim:²
526 1288 622 1340 relictis
651 1287 817 1358 pedestribus
840 1305 870 1340 oo
892 1289 928 1356 iis,
955 1298 1007 1340 tota

94 1365 176 1406 nocte
189 1372 251 1408 curn
264 1357 405 1424 equitibus,
421 1357 519 1409 itineris
538 1367 609 1409 tanto
621 1359 705 1425 spatio
718 1358 840 1426 fatigatis,
853 1307 889 1409 al
900 1361 1005 1410 Araxen

93 1425 184 1492 prima
205 1421 266 1476 luce
286 1425 414 1494 pervenit.
452 1427 510 1480 Vici
529 1436 602 1478 erant
626 1427 650 1477 in
676 1427 833 1505 propinquo:
855 1427 951 1496 quibus
968 1425 1007 1478 di·

94 1495 171 1561 rutis,
192 1503 309 1562 pontem,
329 1510 361 1546 ex
380 1495 491 1547 materia
510 1513 608 1558 eorum,
629 1495 742 1550 subditis
758 1496 836 1564 saxis,
850 1507 955 1548 strenue
968 1497 1005 1548 iu·

92 1561 181 1614 duxit.
218 1563 332 1631 Jamque
359 1562 429 1616 haud
457 1564 547 1633 procul
570 1566 634 1616 urbe
658 1575 739 1632 erant,
764 1583 825 1618 cum
855 1565 1007 1618 miserabile

91 1647 195 1698 agmen
220 1631 287 1683 inter
310 1633 404 1700 pauca³
427 1633 546 1684 fortunae
570 1634 694 1703 exempla
716 1634 926 1701 memorandum,
952 1635 1006 1701 regi

91 1701 219 1752 occurrit.
256 1701 358 1769 Captivi
376 1711 448 1754 eraut
469 1703 564 1754 Graeci
583 1703 616 1754 ad
654 1712 756 1755 uattuor
774 1704 847 1756 milia
865 1704 927 1769 fere,
941 1719 1006 1770 quos

92 1769 195 1820 Persae
214 1772 285 1821 vario
306 1771 493 1840 suppliciorum
514 1772 591 1823 modo
612 1721 772 1827 affecerant:
797 1773 863 1824 alins
883 1771 1004 1840 pedibus,

91 1839 227 1908 quosdam
252 1839 375 1892 manibus
397 1840 556 1909 auribusque
577 1841 726 1910 amputatis,
746 1842 892 1909 inustisque
913 1841 1005 1892 barba·

93 1923 184 1959 rarum
206 1906 351 1960 litterarum
370 1909 444 1978 notis,
458 1909 483 1960 in
503 1910 611 1976 longum
630 1910 670 1962 sui
691 1908 844 1962 ludibrium⁵
856 1926 1005 1962 reservave-

91 1984 168 2028 rant:
197 1985 223 2028 et
248 1994 309 2029 oum
334 1995 363 2029 se
386 1995 492 2048 quoque
515 1979 619 2030 alienae
643 1977 754 2030 dicionis
776 1995 836 2030 esse
859 1988 1002 2047 cernerent,

91 2045 217 2098 volentes
238 2047 291 2114 regi
311 2063 447 2101 occurrere
469 2065 518 2100 non
540 2048 732 2116 prohibuerant.
768 2046 903 2099 invisitata
924 2047 1005 2099 simu-

90 2113 187 2180 lacta,⁵
202 2133 252 2168 non
272 2115 395 2169 homines
406 2117 570 2183 videbantur,
587 2134 636 2168 nec
653 2117 796 2185 quicquam
816 2115 841 2166 in
860 2115 912 2167 illis
929 2131 1001 2185 prae·

90 2193 133 2236 ter
158 2201 254 2236 vocem
285 2194 385 2254 poterat
414 2187 530 2254 agnosci.
566 2186 659 2239 Plures
681 2185 759 2252 igitur
788 2185 910 2237 lacrimas
933 2201 1004 2236 corn·

90 2269 213 2322 movere,
233 2271 314 2323 quam
337 2254 505 2323 profuderant
531 2255 597 2322 ipsi:
621 2255 719 2323 quippe
741 2255 766 2306 in
787 2263 843 2306 tam
864 2253 1003 2322 multiplici

89 2322 222 2391 variaque
248 2323 351 2376 fortuna
377 2323 546 2392 singulorum,
568 2323 740 2376 intuentibus⁰
758 2323 861 2376 similes
885 2323 1001 2391 quidem,

89 2392 141 2444 sed
159 2404 248 2444 tamen
269 2392 390 2460 dispares
409 2409 514 2462 poenas,
528 2393 588 2460 quis
607 2394 724 2446 maxime
745 2392 903 2445 miserabilis
922 2399 1000 2460 esset,

89 2461 198 2530 liquere
219 2478 269 2513 non
290 2469 401 2530 poterat.
437 2461 471 2514 Ut
491 2478 552 2513 vero
572 2463 666 2516 Jovem
688 2463 723 2514 illi
745 2461 852 2515 tandem
874 2462 1003 2514 Graeciae

88 2531 208 2582 ultorem
226 2532 363 2599 aperuisse
376 2530 465 2583 oculos
480 2531 688 2601 conclamavere,
702 2548 795 2584 omnes
807 2531 863 2600 pari
876 2547 925 2600 sup
944 2530 1003 2582 licio

88 2599 185 2652 affecti
216 2599 267 2652 sibi
293 2599 470 2652 videbantur.⁷
504 2601 560 2652 Rex
589 2600 722 2670 abstersis,
748 2618 815 2669 quas
844 2549 1002 2668 profutlerat,

89 2667 219 2736 lacrimis,
239 2669 338 2721 bonum
357 2668 455 2721 habere
481 2670 602 2722 animum
625 2669 709 2739 jubet,
728 2670 829 2722 risuros
847 2669 924 2720 urbes
943 2683 1004 2718 suas

89 2737 293 2806 conjugesque:
312 2746 339 2790 et
352 2747 436 2790 castra
448 2737 510 2791 inde
522 2739 574 2790 duo
586 2738 621 2792 ab
634 2739 698 2792 urbe
711 2738 798 2792 stadia
808 2735 963 2788 communit.

184 2881 190 2890 ¹
298 2881 304 2902 l

117 2881 303 2988 :llffflhlilsllpse
312 2938 340 2986 of
347 2938 387 2987 the
398 2939 487 2998 perfect
499 2941 660 3000 subjunctive,
673 2954 714 2987 see
726 2937 824 3003 Zumpt,
838 2934 851 2986 l
863 2939 914 3006 527.

82 3026 84 3030 ,
118 3005 128 3028 ⁸
142 3001 252 3059 ‘Among
260 2998 308 3046 few
317 2999 333 3055 ς’
347 2997 397 3046 that
408 3000 437 3055 is,
452 3007 492 3048 ‘us
501 3000 566 3056 few,'
576 2997 695 3046 therefore
706 2993 870 3053 ‘especially,'
881 2997 1002 3057 imprimis.

88 3059 156 3106 This
167 3058 188 3105 is
198 3073 212 3105 a
222 3073 333 3105 common
345 3057 414 3105 mode
426 3058 453 3106 of
465 3058 605 3118 expression
616 3056 674 3102 with
686 3054 747 3102 later
758 3053 832 3100 Latin
841 3053 948 3111 authors,
961 3063 1003 3102 not

89 3117 403 3256 ΜἨΞἙῗίἕῐοὲἷιοὶιῐηιιεεεηιεπιῑ
416 3186 440 3222 to
449 3175 596 3221 themselves
604 3173 620 3228 ;'
633 3171 685 3218 that
697 3170 726 3227 is,
742 3175 781 3219 ‘to
789 3171 860 3220 make
869 3182 934 3232 spurt
943 3171 1002 3220 with

88 3235 262 3352 thlnflligures
273 3307 300 3339 or
311 3291 395 3352 beings
407 3306 479 3338 never
490 3289 570 3337 before
582 3303 640 3338 seen
651 3289 684 3348 by
695 3288 782 3337 mortal
792 3290 854 3349 eye!

117 3358 127 3384 ⁸
139 3358 145 3378 ⁴
157 3352 197 3401 To
208 3352 279 3398 those
291 3351 346 3397 who
362 3349 450 3397 looked
467 3360 490 3396 nt
507 3348 548 3395 the
565 3348 672 3408 injuries,
685 3348 785 3404 similar,
799 3347 893 3404 indeed,
906 3349 949 3396 but
960 3355 1001 3406 yet

89 3411 213 3492 differeqt,
227 3411 244 3457 it
256 3409 329 3457 could
339 3420 381 3456 not
392 3411 421 3456 be
433 3407 515 3462 clear,’
530 3407 588 3464 &aa
601 3407 652 3454 that
664 3407 694 3464 is,
709 3407 741 3455 ‘it
754 3423 805 3455 was
822 3405 961 3465 impossible
976 3417 1002 3454 to

89 3469 228 3577 delld'l'heu
241 3527 304 3575 their
315 3527 443 3586 symparhy
456 3541 505 3573 was
522 3525 616 3574 excired
634 3534 658 3573 to
674 3524 734 3573 such
746 3539 760 3572 a
771 3523 867 3583 degree,
880 3521 931 3589 that
943 3521 1002 3582 they

90 3587 123 3636 all
135 3585 178 3635 felt
191 3603 218 3635 as
229 3586 250 3634 if
257 3586 317 3645 they
328 3584 476 3634 themselves
487 3583 534 3633 had
545 3585 684 3646 undergone
694 3582 786 3632 similar
797 3579 942 3630 mutilation‘
