2278 3846
477 239 570 280 areas
595 240 635 280 tv.
967 225 1006 280 90

98 349 197 402 simum
211 347 322 418 patebat
333 348 389 416 iter,
401 347 446 400 alii
458 347 566 400 divisos¹
577 347 660 400 saltus
677 356 705 399 et
722 347 824 416 ignotas
834 348 1007 416 sequentibus

98 417 183 470 calles
197 418 334 486 petebant.
370 417 461 486 Eques
471 416 606 486 pedesque
618 415 718 468 occlusi
736 417 792 468 sine
809 417 885 486 duce,
897 417 1007 470 armatis

99 486 225 555 inermes,
252 486 359 554 integris
386 485 489 538 debiles
517 485 726 554 implicabantur.
771 486 881 555 Deinde,
906 485 1006 539 miseri·

100 555 190 607 cordia
203 556 230 607 in
244 562 345 607 metum
360 571 442 624 versa,
455 555 501 624 qui
519 555 595 622 sequi
614 571 665 606 noc
684 564 809 622 poterant,
822 555 890 608 inter
899 565 1006 608 mutuus

99 623 220 692 gemitus
243 623 440 677 deserebantur.
484 623 547 676 Sitis
564 623 704 693 praecipue
723 623 844 691 fatigatos
860 633 888 676 et
904 624 1007 677 saucios

101 693 252 763 perurebat,
273 693 425 762 passimque
448 692 571 745 omuibus
594 692 657 743 rivis
680 699 878 760 prostraverant,
891 709 1005 762 corpora,

101 761 334 831 praeterfluentem
357 779 455 831 equam
479 762 563 813 hianti
586 778 630 813 ore
653 770 798 830 captantes.
833 761 919 818 Quam
943 779 1007 814 cum

101 830 182 882 avide
200 830 333 885 turbidam
351 829 507 899 hausissent,
522 830 696 883 tendebantur
707 829 841 898 extemplo
875 831 1007 882 raecordia

102 909 241 972 premente
264 899 335 968 limo,
357 898 529 969 resolutisque
553 908 580 951 et
603 899 766 967 torpentibus
788 848 922 966 memhris,
943 916 1004 952 cum

103 969 300 1038 supervenisset
312 969 401 1038 hostis,
412 967 646 1021 novisvulneribus
658 967 848 1020 excitabantur.
883 967 1005 1037 Quidem,

103 1039 239 1108 occupetis
255 1039 380 1107 proximis
397 1037 467 1107 rivis,
480 1037 648 1090 deverterant
662 1036 775 1104 longius,
788 1036 872 1158 utqui
909 1037 953 1088 uid
964 1053 1007 1088 oc·

104 1107 169 1158 culti
182 1106 299 1160 humoris
310 1123 421 1176 usquam
434 1116 562 1175 manaret,
575 1107 734 1174 exciperent,
747 1123 797 1158 neo
808 1106 834 1158 ul
845 1123 862 1158 a
905 1121 937 1158 eo
947 1106 1008 1157 avia

104 1184 132 1227 et
144 1179 217 1228 sicca
229 1176 336 1228 lacuna²
348 1185 411 1245 erat,
425 1185 453 1228 ut
466 1176 651 1243 vestigantium
663 1175 735 1227 sitim
748 1174 859 1228 sallaret.
889 1175 913 1228 E
925 1175 1008 1244 proxi-

95 1244 157 1296 ·mis
168 1261 231 1297 vero
242 1245 330 1298 itineri
342 1246 408 1300 vicis
418 1245 536 1298 ululatus
547 1261 641 1297 senum
652 1243 866 1314 feminarumque
883 1243 1008 1296 exaudie-

103 1312 206 1384 bantur,
219 1314 329 1367 barbaro
341 1316 390 1367 ritu
403 1315 518 1366 Dareum
530 1313 618 1365 adhuc
628 1331 719 1380 regem
730 1313 923 1366 clamantium.⁸

138 1388 180 1435 62.
200 1383 357 1452 Alexander,
371 1394 399 1436 ut
418 1383 613 1452 supradictum
631 1386 691 1450 est,⁴
709 1382 819 1436 inhibito
836 1399 941 1436 suorum
959 1382 1008 1434 inr-

121 1460 166 1504 etu
189 1451 223 1503 ad
248 1453 348 1521 Lycum
372 1469 480 1506 emnem
503 1461 664 1520 pervenerat,
682 1452 729 1504 ubi
753 1453 846 1520 ingens
868 1449 1008 1505 multitudo
1060 1493 1062 1496 ,

103 1469 263 1588 litgientium
275 1531 429 1574 oneraverat
441 1529 555 1590 pontem,
569 1531 596 1572 et
613 1521 739 1590 plerique,
752 1539 814 1574 cum
832 1521 915 1574 hostie
932 1537 1008 1588 urge·

103 1599 150 1659 ret,
164 1591 190 1642 in
203 1590 301 1642 flumen
316 1608 345 1642 se
358 1591 599 1660 praecipitaverant,
612 1607 758 1659 gravesque
769 1592 850 1644 arinis
867 1600 894 1643 et
911 1590 1008 1660 proelio

102 1675 135 1710 ac
159 1659 223 1726 luga
246 1659 382 1728 defatigati
406 1660 554 1730 gurgitibus
576 1659 772 1712 hauriebantur.
818 1661 933 1728 Jamque
957 1675 1007 1711 nou

102 1743 169 1796 pune
181 1727 259 1780 modo
276 1727 408 1796 fugientes
429 1727 475 1780 sed
489 1745 523 1781 ne
534 1729 621 1780 amnis
637 1728 746 1796 quidem
763 1729 885 1798 capiebat
902 1729 1009 1796 agmina

102 1813 151 1848 sua
163 1797 309 1866 improvide
321 1769 432 1850 subinde
450 1797 631 1850 cumulantes:
650 1798 749 1866 quippe
765 1796 812 1850 ubi
829 1799 935 1850 intravit
952 1799 1009 1850 eni·

101 1881 162 1918 mos
178 1881 265 1934 pavor,
279 1866 305 1918 id
324 1867 409 1919 solum
426 1875 554 1934 metuunt,
572 1867 641 1944 quod
659 1866 774 1944 primum
792 1866 932 1918 formidare
949 1883 1008 1918 ooo-

101 1945 204 2004 perunt.
240 1935 399 2005 Alexander,
413 1936 569 1988 instantibus
587 1951 649 2001 surs,
662 1951 772 2003 impune
789 1935 931 1988 abeuntem
949 1935 1008 1987 hos-

102 2013 158 2056 tem
173 2004 334 2071 permitteret
346 2005 429 2073 sequi,
443 2005 557 2073 hebetia,
571 2021 630 2056 esse
648 2003 708 2071 tela,
722 2012 749 2055 et
767 2021 862 2056 manus
878 2003 1007 2072 fatigatas,

102 2081 229 2141 tantoque
242 2089 318 2126 cursu
330 2090 436 2142 corpora
454 2073 591 2142 exhausta,
604 2083 630 2125 et
649 2089 776 2142 praeceps
794 2074 819 2125 in
837 2082 943 2126 noctem
954 2072 1008 2126 diei

100 2150 210 2211 tempus
221 2152 345 2194 causatus
357 2151 403 2194 est.
440 2143 542 2194 Revera
553 2142 587 2194 de
600 2142 675 2194 laevo
687 2158 775 2211 cornu,
788 2141 858 2211 quod
875 2140 964 2195 adhuc
981 2144 1007 2196 in

100 2211 159 2263 acie
169 2221 239 2262 stare
251 2210 383 2280 credebat,
397 2211 528 2279 sollicitus,
542 2213 635 2264 reverti
653 2210 688 2262 ad
705 2211 842 2264 serendam
858 2227 936 2281 opem
954 2213 1009 2266 suis

101 2280 215 2332 statuit.⁶
248 2281 361 2401 Jamque
379 2281 454 2348 signa
471 2289 641 2349 converterat,
654 2298 717 2333 cum
734 2282 847 2350 equites,
865 2299 883 2333 a
901 2281 1007 2334 Patrue·

101 2349 181 2402 nione
204 2349 286 2416 missi,
308 2347 379 2402 ilius
401 2367 505 2418 quoque
528 2351 609 2418 partie
631 2351 767 2402 victoriam
790 2351 919 2404 nuntiant.
955 2351 1007 2404 Sed

100 2418 205 2471 nullum
218 2435 250 2470 eo
266 2417 309 2470 die
328 2419 414 2488 majus
432 2419 576 2488 periculum
593 2419 665 2488 adiit,
678 2435 758 2488 quarn
777 2419 843 2472 dum
860 2421 952 2490 copias
968 2437 1007 2473 re·

100 2487 189 2542 ducitl
213 2487 240 2540 in
263 2495 356 2540 castra.
404 2489 483 2540 Pauci
506 2505 568 2540 eum
591 2497 618 2540 et
641 2489 807 2558 incompositi
831 2489 1008 2558 sequebantur

100 2566 214 2610 ovantes
225 2557 340 2624 victoria,
353 2557 451 2626 quippe
468 2574 561 2610 omnes
578 2557 666 2610 hostes
683 2572 728 2611 aut
747 2560 771 2610 in
791 2559 882 2626 lugam
899 2558 1005 2627 effusos,

100 2635 147 2679 aut
162 2625 260 2682 iuaoie
271 2625 402 2678 cecidisse
414 2626 572 2679 credebant:
591 2645 652 2681 cum
671 2637 777 2696 repente
790 2645 825 2680 ex
835 2627 945 2678 adverso
961 2644 977 2677 a

99 2695 190 2766 paruit
207 2712 305 2762 agmen
323 2696 449 2764 equitum,
463 2696 508 2764 qui
525 2697 607 2764 primo
626 2696 763 2749 inhibuere
780 2713 896 2763 cursum,
909 2695 969 2748 dein
990 2712 1006 2747 e

129 2835 136 2856 ¹
151 2827 276 2876 ‘Situeted
287 2839 328 2875 out
339 2827 367 2874 of
378 2827 419 2876 the
430 2833 541 2876 common
552 2830 635 2877 route!

127 2892 138 2916 ²
148 2888 174 2934 A
186 2886 241 2934 hole
252 2887 277 2933 in
288 2885 367 2934 which
380 2898 454 2934 water
464 2888 570 2935 collecte.
602 2887 700 2936 houna
711 2887 731 2934 is
742 2885 839 2933 derived
850 2884 911 2932 lrom
921 2887 994 2936 locus.

114 2945 273 3052 o:Iqubaply
284 2944 381 3050 lssfheif
392 2947 494 3006 evening
504 2962 610 3006 prayers,
623 2945 710 3004 usking
726 2945 765 2991 the
782 2944 913 2992 assistance
924 2945 952 2993 ol
964 2947 1004 2995 the

147 3021 161 3052 s
182 3013 229 3052 ort
248 3019 282 3051 err
311 3020 359 3052 m.

96 3021 113 3066 g
126 3070 136 3092 ⁴
147 3064 237 3110 Above
249 3071 278 3116 (c.
290 3067 326 3117 60)
336 3020 355 3109 it
367 3079 416 3110 was
424 3063 480 3122 only
489 3064 540 3111 said
548 3062 599 3110 that
609 3061 747 3110 Alexander
754 3062 862 3122 stopped.
894 3061 957 3112 Here
967 3080 1004 3113 we

97 3122 166 3170 learn
178 3121 230 3170 that
242 3121 259 3168 it
271 3137 321 3168 was
332 3132 355 3168 et
367 3121 407 3169 the
419 3123 501 3182 bridge
511 3137 569 3169 over
580 3121 620 3168 the
631 3121 693 3168 river
704 3120 785 3179 Lycus
796 3126 874 3178 (λύκος,
887 3138 901 3170 a
912 3121 984 3178 woll).

127 3189 138 3219 ⁵'
147 3186 212 3234 This
224 3195 354 3233 statement
365 3185 447 3234 stands
458 3186 482 3232 in
491 3201 557 3234 some
569 3200 678 3232 measure
688 3185 712 3231 in
723 3186 895 3235 contradiction
906 3199 930 3235 to
939 3188 1003 3236 what

97 3262 150 3296 was
162 3245 216 3294 said
227 3247 318 3304 ebove;
336 3245 440 3304 numely‚
452 3245 504 3292 that
517 3243 678 3290 Alexander’r
695 3243 876 3293 determination
888 3257 912 3294 to
922 3257 1002 3295 return

97 3321 149 3353 was
159 3305 237 3352 called
245 3303 307 3351 forth
316 3303 373 3363 only
382 3305 413 3362 by
423 3303 696 3362 Parmenio'smessage.
724 3304 787 3352 Here
796 3305 826 3352 he
835 3305 909 3353 forms
918 3307 958 3352 the
966 3322 1002 3354 re-

96 3365 205 3412 solution
217 3362 419 3422 sponteneously;
437 3362 483 3408 and
499 3361 546 3408 this
562 3376 641 3408 seems
652 3372 677 3409 to
687 3364 717 3410 be
729 3363 769 3411 the
781 3379 846 3411 more
857 3376 946 3411 correct
963 3381 1001 3412 an-

96 3433 181 3479 count,
191 3421 486 3470 lorl'armenio'smesseu
503 3435 541 3466 ers
548 3420 618 3467 could
624 3421 935 3481 scarcelyhaveovertehen
942 3423 1001 3480 him,

97 3482 173 3530 when
181 3492 205 3529 at
215 3481 274 3529 such
285 3495 300 3528 a
310 3480 417 3528 distance
425 3436 508 3534 eheod,
519 3477 604 3526 hudhe
614 3490 715 3539 notstop
732 3480 761 3527 ed
769 3480 797 3528 ol
803 3481 840 3528 his
847 3495 902 3526 own
910 3483 1002 3530 accord.

126 3539 209 3588 'Dum
218 3540 239 3589 is
246 3539 340 3597 usually
348 3539 473 3586 construed
482 3537 587 3585 withrhe
594 3551 696 3598 present·
714 3496 761 3586 ges
770 3539 848 3585 Gran.
857 3538 929 3594 lesa,
939 3549 1003 3588 note.
