2278 3846
137 203 195 264 tau
397 214 437 256 or
460 214 567 259 orans
585 199 774 256 auxarum.

135 327 231 386 Badra
240 332 302 380 sunt
312 323 402 380 nobiae
414 323 571 394 spsscmnis
581 324 609 376 in
621 331 656 391 te,
669 322 771 376 utinam
782 329 810 376 et
821 321 849 378 in
860 320 959 378 ceteris
967 326 1043 375 esset.

135 397 214 454 Plura
231 395 285 450 dici
302 403 347 448 not
364 394 477 450 attinet¹
512 393 664 446 Custodiam
683 391 797 461 corporis
816 392 855 445 tui
874 399 1004 446 extamus
1021 398 1045 444 st

135 467 286 534 alienigena
294 481 346 518 nou
354 461 716 533 deposcerem,aicrederem
723 461 806 514 aliurn
815 477 893 530 posse
902 469 1045 530 praestare.

170 541 212 590 31.
236 534 340 602 Bessus,
358 543 524 603 quamquam
539 541 596 585 erat
609 531 709 584 Graeci
726 530 857 584 sermonis
874 530 992 600 ignaua
1012 539 1046 582 ta·

230 603 383 660 stimulante
412 601 583 670 conemeutia,
604 599 732 654 indicium
759 599 876 670 proiecto
905 600 1047 652 Patronem
1131 635 1133 660 ,

135 623 264 730 &alitae
293 672 433 729 credebat:
462 679 490 725 et
513 669 664 740 interpretis
687 669 767 724 relato
791 686 912 724 sermone
943 669 1047 725 Graeci²
1132 663 1133 690 ³

135 753 261 814 exempta
282 742 411 798 dubitatio
435 749 485 795 est.
527 739 629 794 Dareus
650 747 751 810 autern,
769 747 900 808 quantum
920 754 957 792 ex
973 738 1047 794 vultu
1132 769 1133 774 κ

135 814 238 884 concipi
270 821 381 893 poterat,
410 809 483 866 haud
514 825 579 862 sane
612 808 726 878 territus,
791 808 902 860 roontari
935 807 1048 860 Patrona
1131 823 1133 868 ς

135 900 246 944 oausam
264 882 374 948 consulti,
392 879 463 952 quod
480 877 595 947 afferret,
614 895 661 933 coe
681 877 708 931 it.
746 877 794 930 lle
813 894 864 930 non
880 875 954 930 ultra
972 877 1048 930 diffa-

136 953 249 1010 rendum
261 961 341 1022 ratus,
356 952 461 1019 Bessus,
474 949 567 1018 inquit,
581 956 608 1002 et
626 947 669 1002 Na
707 964 804 1002 izenes
817 945 974 1000 insidiantur
994 943 1047 1016 tibi,

135 1023 163 1078 iu
175 1022 268 1076 ultimo
278 1021 430 1077 discrimine
448 1027 476 1072 et
493 1018 614 1074 fortunae
627 1025 689 1070 tuae
702 1025 729 1070 et
741 1015 833 1069 vitae.³
867 1015 919 1068 Hic
930 1015 991 1068 dies
1002 1025 1049 1071 aut

135 1092 272 1164 parricidis
289 1100 336 1146 aut
354 1091 402 1144 tibi
419 1087 522 1142 iuturus
534 1086 651 1142 ultimus.
688 1087 723 1142 Et
741 1085 836 1140 Patron
850 1085 961 1156 quidem
974 1102 1049 1154 egre·

134 1163 208 1232 giam
231 1160 380 1214 conservati
402 1157 472 1227 regis
492 1156 604 1226 gloriam
627 1155 732 1210 tulerat.
775 1154 891 1212 Eludant
911 1154 1050 1225 videlicet,

135 1231 235 1302 quibus
255 1229 322 1284 lorte
342 1238 443 1282 temere
465 1226 584 1282 humana
603 1224 710 1294 negotia
728 1224 800 1278 volvi
818 1225 916 1294 agique
940 1241 1050 1295 persua-

136 1319 197 1356 sum
209 1309 264 1354 eet:
284 1316 299 1352 e
318 1298 408 1352 uidem
425 1305 534 1350 aeterua
550 1293 735 1348 constitutione
749 1294 909 1352 crediderim
922 1311 1051 1364 nexuque

135 1387 277 1426 causarum
343 1369 453 1434 entium,
476 1382 512 1418 ex
537 1364 620 1418 multo
648 1373 711 1418 ante
741 1363 942 1432 destinatarum,
969 1382 1051 1418 suum

135 1455 271 1510 quemque
300 1436 420 1490 ordinem
447 1434 607 1488 immutabili
635 1433 696 1502 lege
725 1436 897 1504 percurrere.⁴
945 1433 1051 1489 Dareus

136 1517 209 1562 certe
233 1505 374 1578 respondit,
395 1521 560 1575 quamquam
583 1503 634 1558 sibi
657 1503 821 1558 Graecorum
845 1502 961 1560 militnm
981 1501 1052 1556 fides

136 1587 197 1632 ncta
221 1578 261 1646 sit,
282 1591 418 1644 nunquam
441 1582 531 1628 tamen
553 1591 571 1626 a
594 1570 764 1644 popularibus
787 1574 843 1626 suis
862 1574 1053 1626 recessurum!

136 1646 278 1702 Difficilius
296 1645 348 1698 sibi
367 1661 427 1698 esee
446 1643 586 1766 damme}
603 1660 685 1713 quarn
708 1638 805 1712 decipi.
840 1641 890 1702 Qui
927 1641 974 1696 uid
997 1642 1052 1696 fors
1132 1643 1133 1658 ³

136 1715 247 1785 tulisset,
260 1713 514 1784 intersuosperpeti
531 1731 560 1766 m
587 1713 620 1781 le,
631 1729 713 1782 quam
731 1709 895 1780 transfugam
933 1712 981 1765 eri.
1017 1712 1052 1766 Se

136 1787 222 1856 perire
241 1783 468 1854 scrutantium
486 1799 546 1836 esee
565 1782 664 1836 milites
682 1782 723 1836 sui
742 1781 850 1834 nollent.
887 1781 992 1851 Patron,
1005 1781 1052 1834 de-

136 1865 242 1983 pipierata
254 1855 324 1934 regis
335 1853 430 1923 salute,
440 1851 478 1908 ad
489 1869 535 1906 eos
546 1851 642 1922 quibus
654 1860 783 1922 praeerat,
798 1849 883 1921 rediit,
895 1851 989 1904 cmuia
1006 1867 1053 1922 pro
1131 1905 1132 1956 ᾖ

174 1943 189 1978 e
202 1925 315 1996 experiri
327 1931 444 1996 paratus.

171 2000 212 2050 ³2.
231 1999 268 2052 At
279 1995 377 2052 Bessus
394 1991 532 2048 occidendi
569 1992 678 2049 rotinus⁷
695 1991 766 2071 regis
783 1991 920 2062 impeturn
933 1998 1051 2062 ceperat.

136 2063 189 2120 Sed
210 2065 317 2136 veritus,
337 2082 371 2118 ne
390 2065 503 2134 gratiam
559 2060 675 2132 exaudri,
697 2062 747 2116 ursi
767 2063 862 2118 vivum
884 2078 959 2117 euruv
975 2059 1053 2112 tradi·
1131 2055 1132 2082 ³

136 2133 229 2202 disset,
242 2136 310 2190 inire
327 2151 379 2188 nou
396 2141 493 2204 posset,
506 2131 588 2186 dilato
606 2131 632 2187 iu
651 2132 799 2202 proximam
816 2139 923 2184 noctem
942 2129 1054 2184 sceleris

137 2205 253 2273 consilio,
268 2221 348 2272 agere
365 2203 464 2271 gratiae
481 2201 581 2272 incipit,
599 2201 669 2271 quod
688 2200 782 2270 perfidi
799 2199 914 2256 hominis
932 2197 1052 2268 insidias,

134 2272 192 2342 jam
210 2271 354 2328 Alexandri
370 2288 436 2351 opes
451 2271 604 2340 spectantis,
620 2270 764 2342 prudenter
781 2278 859 2324 caute
878 2286 913 2322 ue
932 2267 1053 2322 vitasset.
1131 2251 1132 2296 l

137 2343 242 2398 Donum
254 2359 317 2396 eum
329 2342 399 2394 hosti
416 2339 531 2393 laturum
548 2339 630 2392 fuisse
648 2357 725 2408 regus
743 2347 832 2408 caput.
894 2356 927 2392 eo
945 2338 1055 2406 mirari‚⁸

166 2447 174 2470 ¹
187 2441 225 2488 ‘lt
236 2442 257 2489 is
268 2453 430 2499 unneoessery
438 2438 549 2487 sermore
561 2449 586 2486 to
596 2440 626 2488 be
635 2440 708 2487 ·eaid.’
737 2439 827 2488 Patron
838 2441 927 2488 breaks
938 2441 979 2489 off
985 2443 1051 2498 here,

137 2502 241 2550 because
252 2500 284 2550 lte
293 2499 353 2548 does
360 2507 403 2548 aot
411 2497 474 2548 nialr
482 2506 509 2546 to
517 2499 618 2548 become
626 2513 658 2548 sn
667 2498 789 2556 informer,
800 2499 902 2548 without
911 2515 943 2548 aa
951 2515 1053 2561 express

136 2559 319 2689 wffiffiltneffthe
330 2616 498 2668 conversation
508 2615 536 2667 of
541 2613 582 2684 the
594 2615 678 2666 Greek
689 2617 737 2686 inte
767 2627 831 2666 retar
841 2634 892 2668 was
903 2618 1017 2678 reported
1029 2629 1053 2667 to

137 2677 205 2728 lum!
238 2678 300 2727 Thra
311 2687 376 2727 must
387 2676 483 2746 referto
495 2675 535 2723 the
547 2675 658 2737 dralogua
669 2691 744 2726 corrre
771 2693 803 2726 on
814 2678 927 2726 between
938 2675 1053 2727 Bubaces

137 2736 616 2855 ”lvit‘sstl‘tttlltt‘ttt‘ffl

154 2862 177 2926 Ι·
189 2856 287 2906 ‘Those
299 2813 354 2905 wlo
365 2811 422 2905 hold
433 2855 474 2904 the
482 2810 689 2916 ξιξὶηἰρηῑὴαῑὼο
697 2868 781 2904 course
792 2853 820 2902 os
826 2853 917 2903 human
928 2853 969 2903 lise
981 2855 1001 2904 ie
1013 2870 1051 2904 ac·

138 2915 243 2964 crdental
252 2917 300 2986 and
309 2914 477 3024 unrepulated,
486 2929 542 2974 may
553 2912 681 2983 (naturally
691 2913 796 3019 enougshi
808 2914 881 2974 langh
889 2925 912 2962 at
923 2929 962 2962 me
973 2931 980 2972 ;
993 2913 1006 2964 1
1017 2913 1053 2962 sor

137 2969 1052 3083 trititiam?tttuttlttttt„li{tutatuta

137 3049 227 3163 lridden
235 3069 329 3150 clauses,
337 3049 454 3202 analrgpd
464 3091 502 3140 lon
528 3090 627 3138 before!
645 3066 754 3138 Eludant
763 3090 784 3138 is
793 3047 834 3138 ῑὴζ
844 3091 986 3140 concessive
995 3092 1052 3139 sub·

134 3161 251 3212 Junctrve.
269 3151 405 3200 SesGrom.
436 3153 488 3200 351.
531 3150 788 3209 stofortetemere,see
797 3147 979 3209 Zumpalm.
996 3150 1053 3200 'Phe

137 3207 578 3328 phpsggtoppop'pgt‘grrteecggitpkqffirpp
589 3207 732 3315 'lhesswlm
742 3207 770 3256 of
777 3208 818 3256 the
829 3207 950 3270 heerenly
958 3207 1052 3258 bodies.

165 3335 174 3361 ⁸
187 3329 257 3377 'Too
267 3327 314 3376 late
323 3327 339 3356 ·’
352 3327 405 3375 that
416 3284 510 3382 iagthat
522 3325 552 3374 he
564 3281 645 3374 illita
655 3304 716 3374 liare
727 3325 792 3375 lived
802 3336 843 3376 too
854 3325 919 3390 long.

165 3393 175 3458 ξ
187 3362 356 3456 *Ροηῂνριᾙ,’
372 3385 569 3490 ‘immediatelp’
597 3385 646 3432 For
652 3385 761 3434 remarks
770 3400 834 3446 upon
846 3386 887 3435 the
898 3386 1013 3448 meaning
1023 3386 1052 3436 cf

136 3444 186 3494 thre
197 3447 242 3495 and
253 3445 344 3494 srmrler
355 3443 467 3510 adverbs,
481 3459 521 3511 see
555 3453 632 3502 umpt,
645 3446 659 3494 t
670 3449 722 3493 272.

166 3508 175 3532 ⁸
186 3504 279 3565 Supply
288 3521 321 3553 aa.
347 3503 403 3554 'l'he
414 3515 529 3551 omueton
539 3501 566 3550 os
573 3502 615 3549 the
623 3501 746 3552 reductive
755 3517 864 3564 pronoua
872 3503 955 3556 before
963 3505 1006 3554 the
1014 3503 1051 3555 irt-
