2294 3842
141 217 200 272 284
409 229 448 268 ua
472 229 578 270 enanis
600 229 782 270 lauzanum.

177 347 217 391 26.
238 339 293 406 Ego
306 339 377 390 vero¹
390 353 441 390 non
460 338 547 405 deero,
561 347 587 390 et
599 323 751 406 ubicunque
763 333 895 406 pugnabo,
908 337 936 390 iu
949 337 1056 390 theatro

141 420 268 461 terrarum
292 408 363 460 orbis
386 425 445 460 esse
470 424 514 460 me
537 407 654 459 credam.
691 407 765 472 Dabo
790 405 957 460 nobilitatem
982 407 1056 474 igno-

141 478 240 532 bilibus
258 477 339 546 loeis3
362 478 480 546 aperiam
498 478 600 529 eunctis
622 476 746 544 gentibus
765 485 854 544 terras,
874 493 943 544 quas
959 487 1056 528 natura

142 547 218 616 longe
242 555 431 600 summoverat.
469 547 497 598 ln
521 545 563 600 his
585 546 709 614 operibus
732 544 850 614 extingui
874 544 942 598 mihi
961 546 985 598 si
1003 545 1056 598 sors

142 617 180 672 ita
202 615 277 685 ieret,
303 616 443 686 pulchrum
466 626 521 668 est:
547 631 579 666 ea
602 617 683 684 stirpe
708 632 766 667 surn
790 615 904 683 genitus,
930 625 960 668 ut
986 615 1055 668 mul·

142 687 208 739 tam²
220 685 299 756 prius,
313 703 393 756 quarn
407 685 512 753 longam
521 685 604 736 vitam
616 684 730 737 debeam
742 695 841 754 optare.
871 686 990 739 Obsecro
1000 702 1054 754 vos,

141 757 255 824 cogitate
275 772 322 808 nos
340 756 492 825 pervenisse
512 754 538 806 in
558 763 647 820 terras⁷
662 755 766 822 quibus³
784 753 903 807 feminae
920 754 955 806 ob
975 756 1054 807 virtu·

141 835 196 879 tarn
210 825 413 878 celeberrimum
426 841 523 879 nomen
542 833 591 875 est.
627 824 699 882 Quas
719 823 798 876 urbes
817 822 974 876 Semiramis
992 841 1054 876 con-

141 893 230 948 didirt
254 911 327 966 quas
348 903 442 962 gentes
466 893 566 962 redegit
590 893 615 945 in
639 893 817 962 potestatemi
847 903 949 962 quanta
971 910 1054 962 opera

142 965 234 1018 rnolita
256 965 316 1017 estl
352 963 476 1016 Nondum
497 962 627 1015 feminam
646 962 822 1031 aequavimus
840 963 931 1031 gloria,
951 972 979 1015 et
998 963 1054 1032 jam

142 1051 190 1088 nos
203 1034 288 1086 laudis
300 1032 409 1085 satietas
420 1032 510 1101 capiti
547 1032 590 1084 Dii
602 1031 718 1099 faveant,
729 1031 828 1100 majora
839 1031 871 1084 ad
877 1033 928 1084 hue
942 1041 1051 1084 restant.

141 1103 194 1157 sed
208 1105 242 1155 ita
255 1112 342 1157 nostra
353 1111 428 1154 eruut
447 1118 515 1171 quae
533 1100 649 1154 nondum
668 1101 812 1170 attigimus,
826 1103 848 1152 si
862 1101 927 1153 nihil
941 1119 1054 1171 parvum

141 1172 304 1241 duxerimus,
317 1172 344 1224 in
356 1188 408 1242 quo
421 1188 534 1238 magnae
545 1170 644 1238 gloriae
663 1171 737 1223 locus
753 1179 802 1222 est.
839 1171 893 1223 Vos
911 1173 989 1223 modo
1010 1189 1055 1224 me

141 1242 177 1294 ab
195 1241 319 1294 intestina
331 1241 424 1294 fraude
436 1250 463 1292 et
475 1241 680 1293 domesticorum
701 1239 803 1292 insidiis
821 1251 957 1308 praestate
977 1257 1055 1293 secu-
1142 1279 1143 1282 ,

143 1327 201 1364 rurn
209 1314 227 1379 ‚⁴
241 1311 304 1364 belli
314 1311 460 1378 Martisque
469 1309 612 1362 discrimen
622 1309 886 1378 impavidussubibo.
914 1309 1055 1379 Philippus
1142 1345 1143 1348 =

142 1379 168 1432 in
186 1382 245 1432 acie
263 1381 348 1450 tutior,
366 1395 448 1448 quarn
467 1380 493 1431 in
512 1379 613 1431 theatro
631 1377 697 1431 suit:
719 1378 835 1430 hostiurn
855 1395 952 1432 manus
969 1396 1053 1448 saepe
1131 1387 1143 1428 Ἀ

141 1449 241 1518 vitavit,
256 1449 372 1501 suorum⁶
383 1447 502 1515 effugere
514 1465 564 1500 non
578 1448 668 1501 valuit.
704 1447 826 1500 Aliorum
856 1465 944 1518 noque
958 1465 1053 1516 regum

1141 1449 1143 1480 l

140 1518 229 1570 exitus
247 1519 268 1570 si
288 1518 478 1585 reputaveritis,
499 1517 587 1586 plures
607 1535 623 1569 a
643 1517 704 1586 suis,
725 1533 806 1586 quarn
830 1534 847 1569 a
890 1517 966 1570 hoste
984 1519 1054 1570 inre·
1142 1533 1143 1562 r

141 1596 257 1655 remptos
270 1585 450 1639 numerabitis.
487 1588 619 1656 Ceterum,
632 1587 757 1656 quoniam
769 1587 833 1640 olim
846 1587 883 1640 rei
896 1587 1013 1655 agitatae
1026 1589 1053 1641 in
1142 1585 1143 1610 ³

140 1658 229 1712 animo
243 1672 302 1708 meo
315 1672 385 1708 nunc
405 1656 566 1725 promendae
586 1657 689 1708 occasio
708 1656 798 1708 oblata
818 1665 866 1725 est,
881 1657 948 1709 mihi
968 1659 1054 1710 maxi-

140 1741 202 1778 mus
213 1725 331 1778 laborem
342 1733 422 1794 atque
441 1743 552 1795 operum
563 1743 683 1778 meorum
695 1727 745 1778 erit
757 1726 866 1796 fruetus,
880 1727 901 1779 si
914 1727 1054 1796 Olympias

140 1804 225 1848 mater
249 1795 439 1849 immortalitati
463 1804 638 1862 consecretur,
662 1795 874 1864 quandocunque
905 1798 1052 1849 excesserit

139 1866 203 1917 vita.
233 1864 259 1918 si
274 1865 382 1933 licuerit,
393 1866 450 1934 ipse
463 1864 602 1934 praestabo
614 1864 679 1918 hoc:
694 1865 715 1916 si
726 1881 769 1916 me
779 1866 943 1934 praeceperit
957 1866 1051 1932 fatum,

139 1949 188 1986 vos
199 1933 351 1987 mandasse⁶
363 1943 535 1988 mementote.
570 1936 612 1987 Ac
625 1942 680 1986 turn
692 1934 802 2002 quidem
818 1936 923 1986 ¹amicus
934 1934 1050 1988 dimisit:

138 2012 258 2056 ceterum
272 2021 318 2072 per
330 2004 480 2074 complures
490 2003 548 2056 dies
560 2002 597 2056 ibi
610 2003 705 2054 stativa
717 2002 818 2056 habuit.

175 2077 216 2125 at.
236 2073 310 2124 Haec
328 2072 392 2125 dum
413 2075 439 2125 in
459 2072 534 2125 ludia
544 2082 677 2140 geruntur,
691 2071 786 2124 Graeci
806 2072 905 2125 milites
923 2091 1007 2142 nuper
1026 2074 1051 2126 in

138 2141 254 2194 colonias
265 2159 282 2193 a
294 2158 356 2210 rege
369 2142 475 2195 deducti
488 2142 558 2194 cirea
570 2141 671 2211 Bactra,
681 2148 738 2193 urta
749 2141 817 2194 inter
827 2143 897 2211 ipsos
909 2143 1049 2212 seditione,

138 2209 300 2280 defecerant,
314 2229 364 2263 non
378 2220 433 2264 tarn
445 2211 595 2265 Alexandro
608 2211 712 2279 infensi,
725 2227 808 2280 quam
819 2221 895 2264 metu
907 2213 1052 2281 supplicii.⁷

138 2304 216 2352 added
227 2307 300 2353 about
310 2321 356 2353 one
365 2322 422 2366 year
431 2317 455 2354 to
464 2307 523 2354 each
532 2305 560 2354 of
567 2306 604 2354 his
614 2307 735 2354 numbers.
763 2307 904 2356 Alexander
915 2309 1051 2358 succeeded

138 2372 164 2410 to
174 2364 216 2410 the
227 2379 317 2419 crown,
330 2375 354 2412 at
365 2365 406 2412 the
418 2365 490 2413 death
501 2365 529 2413 os
542 2365 579 2412 his
590 2365 675 2423 father,
688 2365 713 2412 in
724 2365 765 2414 the
776 2381 884 2415 summer
895 2367 924 2414 os
930 2371 975 2416 336
987 2383 1009 2416 u.
1017 2383 1049 2426 c.;

138 2437 176 2468 we
187 2437 227 2468 are
238 2434 293 2470 now
304 2423 329 2470 iu
339 2424 381 2470 the
392 2437 499 2474 summer
510 2423 538 2472 os
544 2428 588 2472 326
600 2440 623 2472 a.
632 2439 652 2472 c.
660 2439 671 2482 ς,
680 2425 854 2484 consequently
867 2436 908 2474 ten
920 2441 992 2486 years
1003 2428 1051 2476 had

138 2480 244 2539 alapaed,
258 2481 305 2529 and
315 2497 352 2528 we
364 2481 450 2530 should
461 2482 523 2530 have
535 2481 681 2532 badarenum
690 2487 801 2532 dacianum
811 2487 887 2546 regni.
915 2486 1006 2546 Again,
1020 2487 1050 2535 he

138 2555 189 2588 was
206 2541 265 2588 born
284 2540 307 2587 in
325 2541 468 2600 September
482 2545 526 2590 356
537 2557 560 2590 a.
569 2557 600 2600 c.,
613 2543 660 2592 and
676 2558 734 2599 was,
748 2542 876 2600 therefore,
890 2560 947 2592 now
966 2545 1049 2606 nearly

137 2599 195 2648 tbirt
223 2615 294 2660 years
304 2599 332 2648 of
344 2615 395 2662 age.
979 2601 1013 2638 ’ἱ

144 2665 175 2728 ·'
210 2659 1049 2770 ‘⁷⁰'²¹¹“l‘3l5ill{lllelli'll⁰rhllilllnll¹⁰lh⁶hi¹¹¹⁸⁰¹s¹¹²d

138 2729 358 2848 yupqppptqogqq.is
369 2784 375 2804 ‘
381 2794 396 2847 a
405 2753 444 2826 iiie
454 2777 533 2827 which
543 2778 650 2826 contains
661 2777 753 2835 much,’
767 2735 842 2827 ‘erile
851 2779 876 2828 in
885 2780 967 2828 which
975 2759 1052 2830 much

138 2851 159 2884 rs
172 2837 253 2892 dona’
269 2838 359 2886 ‘anch
371 2837 427 2886 lrse.'
966 2883 972 2892 ,

166 2895 232 2943 ⁸For
242 2897 268 2944 in
276 2899 372 2956 quibas.-
389 2903 395 2923 ‘
404 2897 428 2944 in
435 2896 514 2944 which
522 2895 562 2944 the
571 2895 676 2944 nameus
683 2912 697 2944 a
705 2911 801 2945 woman
809 2897 829 2945 is
836 2912 896 2958 very
902 2897 1045 2956 illustrious,

136 2967 169 3001 on
179 2966 280 3025 account
297 2956 325 3037 ⁰,s
336 2956 379 3005 her
394 2957 534 3016 possessing
550 2954 592 3003 the
609 2955 767 3016 activityand
783 2971 874 3017 energy
886 2957 984 3018 werthy
995 2958 1047 3006 ofa

137 3020 317 3120 mqqffptrtpqe
328 3089 388 3178 pour
415 3083 450 3122 art
462 3083 487 3121 to
498 3073 601 3132 produce
613 3073 637 3122 in
648 3089 687 3122 me
699 3090 713 3122 a
723 3073 812 3135 feeling
826 3074 854 3122 of
865 3075 983 3136 security,
997 3076 1045 3124 duc.

136 3130 184 3199 and
195 3130 275 3198 theni
287 3131 331 3179 sha
342 3132 366 3178 l.'
425 3133 462 3180 his
478 3132 580 3201 English
597 3133 750 3202 supplement
764 3132 824 3182 ‘and
836 3134 902 3182 then’
916 3135 938 3182 is
954 3135 1046 3196 always

135 3188 238 3260 omitted
254 3205 278 3237 tn
294 3189 366 3238 Latin
384 3190 455 3239 when
471 3207 500 3240 an
519 3204 660 3252 imperative
676 3207 697 3240 rs
713 3191 825 3240 followed
842 3195 875 3253 by
890 3208 904 3242 a
919 3193 1001 3242 future
1019 3211 1046 3244 as

134 3251 250 3410 apffibl
258 3307 328 3354 those
337 3307 388 3362 (the
399 3308 483 3362 hands)
494 3308 522 3356 of
529 3309 567 3356 his
575 3322 631 3356 own
639 3309 765 3370 subjecta)
793 3309 840 3358 See
852 3310 951 3370 Zumpt,
963 3312 993 3364 li
1002 3315 1046 3362 767

134 3376 171 3449 m·
180 3367 274 3482 Sirdply
282 3439 329 3470 mer
346 3425 495 3471 ‘remember
505 3423 557 3472 that
569 3423 581 3472 I
591 3426 653 3474 have
664 3427 806 3476 committed
814 3428 863 3476 this
871 3428 933 3490 duty
942 3439 967 3478 te
975 3430 1043 3490 you.’

162 3477 269 3528 '‘From
286 3481 336 3548 saar
353 3481 381 3529 ci
393 3496 477 3548 severe
494 3483 658 3539 punishment’
671 3495 722 3542 (not
738 3488 840 3548 always,
853 3500 910 3548 noy,
923 3499 967 3538 not
982 3504 1046 3540 evan

131 3532 237 3590 usually,
250 3537 339 3597 capital
349 3537 520 3600 punishment).
