2278 3846
153 185 193 244 ⁰8
418 200 458 240 uu
481 200 589 240 ousme
610 201 794 240 suuxurrour.

153 309 336 378 rebebuutur‚¹
353 323 504 378 agmenque
521 308 645 376 constitit,
663 307 801 362 frendente
818 307 979 378 Alexandro,
995 309 1056 378 eripi

154 379 205 434 sibi
215 378 351 430 rieturism
363 395 379 430 e
390 379 519 445 manibus,
533 387 560 430 et
572 378 687 430 Dareum
705 375 810 430 felicius
827 378 920 446 lugere
937 396 1019 447 quarn
1031 397 1056 430 se

154 447 238 517 sequi.
273 446 382 500 Interim
394 446 429 499 ad
444 447 589 499 Mazaeum
601 447 716 515 superati
729 447 798 514 regie
809 447 881 500 larua
893 457 1055 516 pervenerat.

154 517 254 585 ltaque,
267 531 430 585 quamquem
441 515 551 568 validior
566 524 629 581 erat,
646 525 735 567 temen
754 515 857 568 fortuna
874 517 992 586 partium
1011 526 1057 569 ter·

154 588 226 654 ritus,
239 584 368 654 perculsis
384 585 534 653 languidius
545 584 668 637 instabat.
703 583 843 638 Parmenio
854 586 994 653 ignorabat
1005 587 1057 655 qui·

152 653 216 706 dem
233 670 342 708 eeumm
357 671 405 706 stis
420 665 511 723 sponte
527 669 631 722 pugnae
645 653 778 722 remissae,
792 653 838 706 scd
850 657 993 706 occasione
1006 657 1057 707 rin·

152 720 230 776 cendi
241 736 348 776 strenue
359 732 402 775 est
412 739 484 776 usus.
520 722 663 775 Thessalos
674 723 778 789 equites
788 722 823 774 ad
835 740 864 774 se
874 725 963 776 vocari
975 724 1056 794 jubet.

212 791 258 846 uid
275 791 380 862 ridetis,
401 793 493 860 inquit,
514 791 586 860 istos,
607 791 652 859 qui
674 791 794 843 ferociter
813 792 892 844 modo
916 793 1056 858 instabant,

206 878 251 914 em
271 861 369 914 referre
389 860 476 914 subito
495 877 591 930 pavore
615 860 782 929 perterritos?
817 862 952 916 Nimirum
976 863 1058 914 nobls2

151 947 258 1000 quoque
276 931 345 1000 regis
362 931 444 983 nostri
460 929 565 982 fortuna
582 930 654 981 vicit.
696 929 791 981 Omnia
813 929 954 984 Persarum
975 931 1056 982 caede

152 1007 235 1052 stram
246 1009 315 1054 sunt.
350 999 420 1058 Quid
434 998 564 1052 cessarint
581 1015 614 1050 eu
633 1014 667 1050 ne
684 997 847 1066 fugientibus
857 1000 969 1067 quidem
982 1017 1056 1070 peres

140 1069 236 1122 -sstist
270 1070 340 1124 Vere
362 1069 451 1121 dicere
474 1067 620 1136 ridebatur,
642 1075 669 1118 et
691 1084 753 1135 spes
775 1067 931 1135 languentes
953 1085 1056 1138 quoque

152 1146 280 1192 erexerat.
315 1137 431 1191 Subditis
441 1136 590 1190 calcaribus
601 1152 723 1206 proruere
735 1137 763 1189 in
774 1136 889 1190 honrem:
909 1146 936 1190 et
948 1138 987 1190 illi
1004 1139 1055 1208 jarn

151 1223 204 1260 nou
216 1208 323 1276 sensim,
334 1205 381 1260 sed
394 1207 470 1259 uitato
481 1206 565 1274 gradu
577 1205 744 1273 recedebant,
755 1206 957 1275 necquicquam
969 1207 1054 1274 fugae,

152 1275 204 1330 uisi
219 1277 290 1345 quod
307 1275 424 1328 nondum
436 1283 510 1343 terga
521 1281 660 1342 verterant,
673 1274 772 1327 deerat.
807 1275 946 1328 Parmenio
958 1285 1054 1344 tamen,

152 1345 258 1413 iguarm
287 1361 401 1399 ueenam
413 1345 439 1396 in
451 1343 543 1396 dextro
555 1360 634 1396 cornu
646 1343 748 1395 fortuna
761 1345 829 1412 regie
840 1354 918 1413 esset,
933 1348 1054 1414 repressit

152 1429 228 1466 suos:
281 1429 387 1482 azeeus,
408 1412 469 1465 dato
488 1429 592 1481 pugnae
612 1412 707 1480 spatio⁵
726 1429 776 1464 non
796 1423 866 1465 recto
886 1415 989 1483 itinere,
1010 1415 1052 1468 sed

152 1481 252 1552 majore
264 1491 290 1534 et
303 1481 337 1534 ob
348 1481 374 1533 id
387 1482 481 1534 tutiore
493 1481 633 1534 circumitu
649 1481 739 1548 Tigrin
756 1493 868 1552 superat,
881 1491 908 1535 et
921 1483 1054 1554 Babylona

151 1567 215 1604 cum
226 1550 344 1619 reliquiis
354 1549 453 1603 devicti
464 1553 596 1604 exercitus
607 1550 693 1602 intrat.

186 1624 228 1672 et.
247 1620 348 1672 Dareus
359 1619 453 1688 peucis
464 1619 543 1687 sugae
555 1619 697 1672 comitibus
710 1618 743 1671 ed
760 1620 862 1688 Lycum
874 1637 984 1685 emnem
996 1639 1052 1675 eon·

152 1686 285 1741 tenderat:
304 1704 357 1756 quo
373 1688 482 1758 trajectu
500 1688 631 1742 dubitavit
649 1705 683 1740 en
700 1687 812 1742 solveret
826 1699 942 1760 pontem,
956 1693 1053 1762 quippe

151 1756 265 1810 hostem
274 1755 331 1826 jam
341 1757 423 1811 affore
436 1758 612 1811 nuntiabatur.
648 1757 699 1810 Sed
718 1767 755 1810 tot
770 1758 846 1813 milia
857 1774 972 1829 suorum,
986 1778 1052 1830 quse
1092 1802 1094 1806 .

150 1825 267 1880 nundum
285 1825 318 1878 ad
336 1843 444 1880 amnem
462 1835 643 1897 pervenerant,
657 1835 735 1896 ponte
748 1827 840 1880 reciso⁵
851 1828 960 1881 ridebat
972 1829 1053 1884 bostis

149 1896 277 1966 praedem
300 1895 364 1948 fore.
400 1897 560 1965 liberantem,
581 1913 642 1950 uum
666 1897 794 1950 intactum
817 1897 914 1950 sineret
937 1908 1051 1968 pontem,

150 1965 250 2018 dixisse
266 1974 374 2033 condat,
388 1965 469 2018 malle
481 1982 510 2018 se
522 1965 695 2034 sequentibus
706 1966 755 2018 iter
766 1965 836 2034 dere,
850 1983 931 2034 quam
949 1967 1052 2020 auferre

149 2035 320 2103 fugientibus.
356 2035 416 2103 lpse
434 2035 527 2102 iugens
544 2034 660 2103 spatium
674 2033 737 2102 fuga
748 2051 881 2103 emensus,
894 2035 986 2090 media
997 2037 1051 2090 fere

149 2112 226 2156 nocte
244 2101 343 2156 Arbela
395 2104 489 2154 evenit.
525 2102 591 2159 Quis
610 2112 648 2156 tot
668 2102 780 2156 ludibria
798 2102 925 2174 fortunae,
944 2105 1050 2172 dueum,

148 2171 284 2238 agminum
307 2187 420 2223 oseem
443 2170 627 2240 multiplicem,
651 2171 814 2224 devictorum
837 2173 937 2244 sugam,
963 2173 1052 2228 clades

149 2255 220 2292 nunu
249 2239 420 2308 singulorum,
444 2256 513 2292 nunc
540 2240 731 2312 universorum,
755 2253 800 2294 aut
828 2243 918 2296 animo
947 2245 1052 2314 assequi

138 2315 236 2376 queat,
249 2317 294 2360 aut
306 2307 421 2360 oratione
433 2307 604 2378 complectil⁰
638 2309 832 2378 Propemodum
850 2313 961 2364 saeeuli⁷
974 2315 1051 2366 resin

148 2392 231 2429 unum
243 2376 319 2428 illum
330 2375 403 2428 diem
415 2375 489 2446 ρτοῐ8
506 2377 609 2430 fortuna
623 2379 776 2432 cumularit.
812 2380 865 2432 Alii
883 2398 936 2450 qua
955 2382 1051 2436 brevis

177 2494 184 2516 ¹
195 2487 251 2536 'l'he
261 2487 389 2535 horsemen
397 2503 460 2536 were
471 2487 571 2538 ordered
581 2499 606 2538 to
617 2491 674 2539 tslre
682 2491 720 2538 off
726 2491 766 2539 the
777 2492 834 2549 bite,
846 2493 897 2541 thot
908 2495 968 2556 they
977 2497 1051 2556 might

164 2547 202 2617 ire
218 2547 259 2616 the
275 2547 360 2595 horses
370 2563 384 2594 u
395 2546 488 2605 breeth,
501 2548 547 2596 end
562 2548 620 2597 then
630 2549 680 2598 ride
691 2549 729 2597 off
739 2551 833 2611 brislrly
847 2553 871 2600 in
887 2553 928 2601 the
944 2559 1050 2614 opposite

164 2616 270 2654 rrectton.

137 2687 141 2693 ¹
172 2663 297 2714 ⁹Dutt'tuts
307 2668 430 2718 commodi„
456 2665 502 2714 See
517 2667 683 2718 Grumlssdl.
757 2673 759 2677 “

175 2729 184 2753 ²
197 2723 292 2772 ‘When
303 2724 448 2772 accusation
463 2740 490 2772 or
505 2725 666 2774 intermission
682 2727 710 2775 os
721 2726 762 2775 the
778 2727 881 2790 fighting
891 2745 943 2780 was
954 2732 1048 2792 given;’

145 2783 199 2832 shut
210 2784 239 2841 is,
251 2783 338 2844 during
348 2799 363 2832 a
373 2783 493 2832 cessation
503 2783 531 2832 ol
543 2785 583 2832 the
599 2784 708 2846 fighting.
741 2786 855 2848 Spatium*
863 2791 921 2836 dare
934 2793 1009 2840 aluei
1018 2793 1051 2840 rei

147 2843 284 2904 commonly
295 2858 386 2898 means,
402 2847 441 2890 ‘to
473 2843 509 2889 ive
526 2843 584 2890 time
599 2843 635 2892 lor
649 2845 784 2906 anything‚’
798 2861 824 2894 as
835 2847 901 2904 here,
917 2848 968 2898 ‘for
978 2849 1047 2910 fight-

147 2902 204 2962 ing!
236 2901 265 2969 ln
276 2902 324 2950 this
335 2917 444 2963 passage,
455 2858 578 2957 however,
592 2902 651 2950 such
663 2903 683 2950 is
695 2913 736 2951 not
747 2905 787 2951 the
799 2906 918 2968 meaning.

174 2966 183 2987 ⁴
193 2959 216 3007 It
228 2961 305 3020 might
316 2961 367 3008 nlso
378 2960 438 3008 hove
449 2961 511 3007 been
521 2963 601 3008 hostis.
633 2961 680 3008 See
692 2962 789 3021 Zumpt,
803 2964 876 3014 §602

173 3017 338 3120 :lilaerivalent
349 3029 374 3066 to
384 3021 408 3066 si
415 3035 474 3124 iim
486 3021 573 3066 recisus
585 3028 650 3068 esset

432 3093 444 3124 e

219 3133 223 3142 Ι
245 3075 413 3145 hoeunnppre
446 3076 657 3145 oderadequstel
682 3079 808 3148 describe!
835 3081 1049 3143 Thisistheplsiu

146 3148 262 3241 3331ng
264 3167 279 3238 a
284 3134 371 3240 ieiiiblrts
372 3150 399 3240 0¹2
410 3094 701 3242 ssii⁰i¹tssssldlsyre¹p⁸ni⁸d
711 3148 761 3186 into
775 3140 925 3202 ‘apprehend
936 3143 997 3191 with
1008 3145 1049 3192 the

174 3226 316 3319 ''Sicculnni
327 3265 382 3311 may
392 3267 462 3300 mesu
473 3269 488 3300 a
498 3230 598 3313 cen'trity
608 3269 635 3302 or
645 3271 675 3304 sn
686 3271 739 3316 ege,
751 3255 793 3302 the
805 3255 904 3305 lifetime
915 3259 944 3307 os
950 3276 965 3308 u
974 3275 1047 3322 gene-

145 3319 229 3378 ration.
261 3305 323 3355 'I'hrs
334 3323 384 3356 was
394 3311 568 3360 calculated'st
584 3313 651 3362 three
668 3325 692 3362 to
707 3314 878 3364 one-hundred
891 3333 978 3376 yeurs;
997 3320 1060 3369 thst-

145 3382 174 3423 is,
187 3365 341 3426 thirty-three
352 3382 421 3426 years
432 3368 484 3417 seur
495 3371 599 3418 months.

173 3429 181 3454 ⁸
191 3423 259 3473 Pro!
275 3423 352 3478 ulons.
366 3423 467 3472 without
479 3426 519 3474 the
531 3428 635 3478 addition
646 3430 674 3478 ol
684 3431 726 3480 the
736 3431 815 3491 object
827 3432 940 3492 inrolred,
955 3437 976 3485 is
987 3453 1047 3488 rere.

144 3479 192 3530 See
203 3481 300 3541 Zumpt,
313 3481 341 3533 ll
352 3485 395 3530 3⁵9
407 3483 453 3531 sud
462 3486 513 3532 361.
