2322 3850
151 193 190 248 08
416 207 455 246 na
479 207 585 248 casare
607 206 793 248 aaaxartnm.

151 325 313 383 receperunt.
351 316 386 370 Er
409 317 481 370 Betis
504 315 673 368 interiectum
699 323 772 368 ratus
789 312 884 368 urbem
901 329 983 366 orans
1003 313 1064 366 rie·

151 386 224 436 toria¹
239 386 341 452 repetit.

186 459 226 504 28.
247 457 280 506 At
294 455 451 521 Alexander,
463 455 576 508 nondum
591 463 727 523 percurato
736 453 852 520 vulnere,
863 469 996 520 aggerem,
1006 469 1059 522 quo

150 523 287 575 moenium
295 523 464 576 altitudinem
473 533 607 592 aequaret,
618 524 739 591 extruxit,
749 522 919 592 pluribusque
929 523 1060 574 cuniculis

151 608 238 644 muros
248 592 336 645 subrui
345 593 429 663 jussit.
449 592 579 662 Oppidani
587 593 621 645 ad
631 592 769 660 pristinum
779 591 915 658 fastigium
924 593 1057 644 moenium

151 679 247 714 novum
262 671 400 716 extruxere
409 665 612 729 munimentum,
623 662 670 716 sed
680 680 713 714 ne
723 663 748 714 id
759 661 869 730 quidem
878 671 961 713 turres
969 661 1059 730 aggeri

151 731 289 799 impositas
301 741 400 801 poterat
413 749 537 800 aequare.
575 733 667 800 ltaque
686 732 806 783 interiora
818 747 924 799 quoque
936 731 1010 782 urbis
1022 733 1060 782 in-

151 801 220 852 lesta
233 800 293 852 telis
305 812 387 855 erant.
423 802 523 856 Ultima
539 801 620 870 pestis
639 801 710 852 urbis
728 801 776 852 suit
794 800 917 852 cuniculo
935 799 1060 852 subrutus

152 887 249 938 murus,
263 887 310 938 per
322 871 398 941 cujus
411 873 499 924 ruinas
511 871 594 922 hostis
607 871 719 922 intravit.
752 869 874 922 Ducebat
886 869 944 937 ipse
957 887 1004 922 rex
1016 887 1059 921 an·

152 941 322 1006 tesigrrarros,²
339 951 365 993 et
384 940 449 993 dum
468 941 598 992 incautius
615 939 691 1005 subit,
706 956 769 992 saxo
781 955 842 990 crus
853 937 911 1006 ejus
924 939 1059 1006 affligitur,

152 1009 259 1062 innixus
271 1019 359 1062 tarnen
373 1011 432 1078 telo,
442 1010 558 1062 nondum
572 1009 663 1077 prioris
673 1009 788 1060 vulneris
799 1007 914 1060 obducta
926 1009 1059 1077 cicatrice,

152 1079 220 1131 inter
231 1079 359 1148 primores
372 1079 489 1145 dimicat,
504 1079 541 1130 ira
556 1094 661 1146 quoque
680 1095 816 1146 accensus,
829 1079 899 1146 quod
912 1077 964 1129 ‹luo
978 1079 1003 1130 iu
1016 1079 1060 1132 ob·

105 1143 110 1154 ’
152 1148 253 1200 sidione
274 1149 345 1203 urbis
363 1148 422 1218 ejus
438 1148 547 1199 vulnera
565 1157 712 1216 acceperat.
752 1147 844 1213 Betim,
865 1147 972 1214 egregia
991 1147 1062 1199 edita

151 1233 247 1286 pugna,
261 1217 406 1287 multisque
419 1215 572 1270 vulneribus
590 1217 750 1285 conlectum,
763 1217 936 1270 deseruerunt
949 1217 997 1284 sui,
1011 1233 1063 1270 nec

152 1300 241 1358 tamen
255 1289 362 1354 segnius
375 1288 548 1355 proeliumca
567 1287 680 1354 esscbat,
694 1286 802 1339 lubricis
813 1287 895 1338 annis
906 1303 954 1338 suo
966 1288 1063 1354 pariter

150 1365 230 1426 atque
244 1357 359 1409 hostium
372 1359 509 1424 sanguine.
546 1304 596 1408 iet
610 1373 672 1410 curn
684 1356 801 1425 undique
814 1355 883 1408 telis³

187 1447 325 1501 [peteretur.
339 1441 369 1490 ad
384 1453 534 1501 postremum
548 1441 675 1491 exhaustis
685 1442 776 1490 viribus
788 1441 858 1490 vivus
874 1441 899 1488 in
914 1450 1063 1500 potestatem

241 1503 346 1550 hostium
358 1501 467 1561 pervenit
476 1505 492 1557 ι]

151 1598 204 1650 quc
212 1581 333 1649 adducto,
343 1581 463 1634 insolenti
471 1580 567 1648 gaudio
578 1579 684 1650 juvenis
692 1581 785 1650 elatos,
793 1581 862 1632 alias
870 1582 973 1633 virtutis
981 1583 1064 1635 etiam

152 1651 179 1704 in
191 1650 268 1703 hoste
282 1653 395 1719 mirator,
407 1667 456 1703 non
471 1660 499 1704 ut
511 1649 625 1719 voluisti,
639 1652 731 1720 inquit,
743 1652 869 1719 morieris,
880 1651 927 1704 sed
936 1652 1064 1720 quicquid

152 1721 178 1772 in
191 1721 325 1789 captivum
339 1721 451 1774 inveniri
462 1729 555 1790 potest,
566 1735 704 1790 passurum
715 1737 776 1772 esse
784 1731 810 1774 tc
819 1721 912 1788 cogita.
951 1720 998 1774 llle
1009 1739 1062 1774 non

153 1792 268 1842 interrito
289 1792 373 1859 modo,
394 1790 441 1842 sed
460 1790 610 1843 contumaci
627 1807 733 1858 quoque
747 1791 819 1843 vnltu
838 1791 944 1844 intuens
963 1808 1062 1859 regem,
1086 1795 1088 1799 ‘

151 1859 251 1913 nullam
265 1861 299 1913 ad
313 1861 398 1914 minas
410 1860 469 1930 ejus
478 1860 591 1914 reddidit
600 1862 714 1912 roceto.⁴
742 1860 811 1912 Turn
822 1859 981 1927 Alexander,
990 1861 1064 1913 ride-

153 1929 221 1982 tisne
239 1931 400 1984 obstinatum
417 1929 452 1982 ad
471 1927 634 1983 tacenduml
654 1928 746 1999 inquit.
782 1931 855 1982 Nurn
873 1945 943 1997 genu
957 1931 1064 2000 posuitl

152 2017 216 2052 num
230 2017 322 2053 rocem
336 2000 484 2069 supplicem
497 1999 589 2052 misitl
615 1998 728 2052 Vincam
741 2008 829 2051 tamen
843 1999 986 2065 silentium,
1001 2009 1027 2052 et
1039 2000 1064 2052 si

152 2069 219 2122 nihil
237 2070 329 2139 aliud,⁵
346 2079 418 2121 certe
436 2069 539 2136 gemitu
554 2067 735 2138 interpellabo.
772 2069 814 2121 Ire
825 2068 924 2124 deinde
938 2069 1025 2121 venie
1036 2070 1062 2123 in

153 2139 261 2209 rabiem,
271 2139 326 2211 jam
340 2153 395 2190 turn
410 2138 562 2206 peregrinos
575 2139 638 2190 ritus
652 2155 719 2190 nova
730 2139 861 2192 subeunte
874 2137 987 2191 fortuna.
1015 2141 1065 2191 Per

152 2209 218 2260 talos
231 2210 303 2261 enim
316 2208 437 2277 spirantis
449 2207 504 2258 lora
512 2206 622 2276 trajecta
631 2217 698 2276 sunt,
710 2207 849 2276 religatum
870 2223 903 2260 ue
911 2207 945 2260 ad
955 2225 1063 2261 currum

153 2287 255 2330 traxere
276 2279 345 2330 circa
365 2277 459 2329 urbern
480 2276 556 2346 equi:
581 2277 708 2345 gloriante
728 2295 800 2346 rege,
823 2279 862 2330 Ac
884 2277 953 2348 illen,
976 2295 993 2330 a
1013 2295 1064 2347 quo

151 2363 239 2414 genus
249 2346 307 2416 ipse
320 2345 472 2414 deduceret,
486 2345 620 2398 imitatum
638 2363 668 2398 se
686 2363 745 2400 esse
764 2363 849 2417 poena
864 2347 889 2400 in
903 2347 1005 2401 hostem
1021 2365 1064 2400 ca-

152 2417 258 2486 pienda.
294 2415 421 2469 Cecidere
434 2415 575 2467 Persarum
587 2414 706 2473 Arabum
727 2433 760 2469 ue
778 2417 849 2469 circa
863 2415 960 2470 decem
974 2417 1063 2471 milia:

151 2503 203 2538 nec
221 2484 416 2538 Macedonibus
435 2484 570 2536 incruenta
583 2485 693 2538 victoria
707 2435 769 2539 init.
806 2487 914 2540 Obsidio
927 2497 999 2540 certe
1012 2505 1065 2540 non

153 2563 207 2608 tarn
228 2554 347 2608 claritate
367 2553 440 2606 urbis
461 2549 598 2606 nobilitata
619 2563 667 2620 est,
688 2572 769 2624 quarn
792 2557 926 2624 geminato
946 2556 1065 2626 periculo

182 2675 188 2696 ¹
199 2669 254 2718 The
264 2667 405 2726 expression
416 2683 488 2714 occas
500 2669 597 2714 victoria
608 2667 628 2714 is
640 2668 715 2716 taken
725 2669 786 2716 from
798 2662 839 2715 the
856 2667 952 2716 Roman
968 2680 1064 2718 custom

151 2729 180 2776 ol
192 2729 232 2776 the
244 2729 327 2776 acatia
360 2727 422 2776 This
434 2742 504 2774 name
517 2741 566 2772 was
577 2726 672 2785 applied
686 2738 710 2775 to
722 2727 762 2775 the
774 2737 887 2775 entrance
900 2728 949 2776 into
961 2728 1003 2776 the
1015 2730 1064 2788 city

151 2789 179 2835 ol'
186 2788 316 2836 victorious
328 2786 447 2847 generals,
458 2786 513 2832 who
521 2800 583 2832 were
593 2795 634 2833 not
643 2786 820 2848 distinguished
829 2786 925 2855 enough
935 2797 960 2834 to
969 2788 1065 2836 merita
1149 2783 1150 2822 ἶ

151 2851 290 2910 triumphas.
319 2846 348 2894 In
355 2847 396 2894 the
406 2845 511 2904 triumph
522 2844 562 2892 the
572 2845 670 2906 general
679 2845 801 2894 advanced
813 2846 890 2906 riding
900 2861 923 2893 m
930 2862 944 2894 a
952 2847 1063 2908 magnili-

150 2917 205 2954 cent
218 2908 325 2964 chariot;
343 2907 368 2954 in
379 2906 420 2954 the
430 2907 507 2954 ovatio
518 2905 548 2952 he
560 2917 610 2952 was
621 2921 652 2952 on
664 2905 800 2954 horseback
810 2921 837 2954 or
848 2921 879 2953 on
889 2905 947 2953 foot.

178 2971 188 2996 ²
199 2967 282 3013 These
294 2966 394 3014 soldiers
406 2966 430 3012 in
442 2981 455 3013 a
466 2965 568 3016 division
579 2963 607 3011 of
614 2979 627 3011 a
639 2964 735 3014 Roman
745 2981 813 3026 army
823 2965 878 3012 who
886 2964 971 3026 fought
980 2966 1063 3015 before

150 3024 191 3072 the
203 3025 329 3130 standprds
341 3023 551 3096 (antes'gnal-for
562 3025 602 3072 the
614 3025 740 3073 standards
749 3040 814 3073 were
825 3040 899 3074 never
910 3025 934 3073 in
946 3025 988 3073 the
1000 3025 1063 3074 frent

150 3099 244 3131 -were
256 3099 269 3130 c
286 3083 332 3131 lled
344 3087 505 3146 onteasgncni.
876 3103 880 3115 ¹

179 3148 188 3170 ³
199 3142 280 3189 There
298 3142 317 3189 is
334 3143 390 3191 here
407 3159 421 3190 a
434 3159 480 3204 gap
491 3144 516 3191 in
526 3143 566 3190 the
579 3144 748 3203 manuscripts,
762 3143 841 3192 which
853 3143 1007 3194 Freinsheim
1019 3145 1063 3194 has

150 3200 216 3250 filled
228 3216 259 3260 up
270 3216 296 3248 as
308 3203 392 3248 abore.
857 3214 860 3224 ¹

178 3259 246 3308 ‘We
263 3274 319 3319 may
331 3261 450 3328 ‘translate
469 3267 524 3309 ‘not
541 3278 555 3309 a
570 3261 656 3331 word<
691 3261 749 3331 lsac,
763 3263 886 3332 however,
904 3264 948 3311 has
965 3278 979 3310 a
995 3279 1062 3312 more

149 3318 247 3426 gepgrlpl
259 3320 553 3440 ipet‘tytpetpgut'hanspgrbzalpp¹3
561 3322 597 3427 fpr
603 3321 745 3430 ihillgmfies
759 3328 818 3382 ‘any
827 3323 953 3370 artroulate
963 3323 1059 3371 sound'

177 3441 186 3468 ⁸
197 3393 267 3486 Mdib
276 3393 399 3498 icgularly
408 3441 479 3486 vertit
490 3456 523 3496 se,
536 3396 641 3487 citiam
652 3417 694 3488 eit.
726 3439 773 3487 See
787 3439 866 3487 Gram.
880 3439 893 3492 b
904 3441 956 3496 139,
970 3449 1027 3488 note
1039 3445 1065 3490 l.'
