2294 3842
152 227 211 286 8⁰⁴
419 241 458 282 ur
481 239 588 282 seems
608 239 793 282 aaexarrnru.

151 369 222 426 quas
242 352 379 420 extarent,¹
398 349 536 404 restituere
554 348 696 404 darnnatis.
732 347 785 402 Soli
804 348 993 416 Athenienses,
1011 355 1069 404 non

153 440 217 476 suae
230 421 315 490 modo,
326 421 372 474 sed
385 421 466 474 etiam
479 419 600 490 publicae
609 418 728 472 vindices
739 419 877 486 libertatis,
887 417 1070 473 colluvionem
1134 479 1138 484 ¹

152 492 273 546 ordinum
285 491 424 544 hominum
437 491 500 562 quia
511 505 591 558 aegre
604 488 732 557 ferebant,
743 504 793 540 non
804 489 876 556 regio
886 487 1008 557 imperio,
1018 489 1069 542 sed

154 563 257 632 legibus
277 561 379 614 moribu
413 575 447 612 uc
466 560 556 630 patriis
576 557 632 628 regi
651 559 757 627 assueti,
778 558 938 628 prohibuere
958 557 1066 628 finibus,

153 633 242 684 omnia
265 630 353 700 potius
373 629 513 696 toeraturi,
534 643 615 697 quam
639 640 814 698 purgamenta
833 626 970 696 quondam
994 628 1070 682 urbis

153 717 227 770 suae,
242 709 305 753 tunc
316 699 398 752 etiam
410 697 501 768 exilii,¹
512 697 693 750 admitterent.

188 773 214 824 8.
234 768 393 838 Alexander,
407 767 552 820 senioribus
571 767 684 820 militum
702 765 729 819 in
748 765 858 834 patriam
873 765 1002 836 remissis,
1017 775 1072 820 tre·

153 838 241 892 decim
263 839 337 892 milia
356 837 477 916 peditum
500 845 528 890 et
551 835 603 888 duo
627 835 701 890 milia
719 835 846 906 equitum,
866 851 936 903 quae
956 837 984 889 irr
1004 838 1080 890 Asia·

155 911 287 976 retineret,
300 907 363 976 eligr
380 905 457 977 jussit
485 905 649 975 existimans,
669 905 774 958 modico
792 905 911 957 exercitu
930 907 1073 959 continere

155 995 232 1050 possa
245 977 338 1032 Asiam
362 977 425 1046 quia
439 946 559 1047 pluribus
576 975 641 1028 locis
658 974 790 1045 praesidia
808 974 1004 1043 disposuisset,
1023 994 1073 1028 nu-

155 1065 254 1118 perque
277 1017 397 1100 conditas
419 1043 507 1114 urbes,
527 1061 595 1113 quas
617 1043 717 1098 colonis
739 1041 878 1113 replesset,
899 1061 941 1096 res
959 1047 1074 1098 novare³

155 1117 324 1188 cupientibus
345 1115 450 1170 obstare
473 1114 608 1170 credebat.
652 1115 777 1168 Ceterum
800 1113 957 1182 priusquam
982 1132 1073 1168 secer·
1136 1147 1139 1153 ·

156 1196 239 1255 neret,
263 1202 330 1256 quos
353 1195 408 1238 erat
432 1192 588 1254 retenturus,
613 1183 703 1252 edixit,
726 1192 755 1236 ut
778 1199 872 1236 omnes
896 1182 1000 1236 milites
1023 1202 1074 1237 ass

155 1256 271 1309 alienum
290 1253 480 1325 profiterentur.
517 1254 604 1308 Grave
622 1252 754 1324 plerisque
772 1269 833 1304 esse
850 1265 1029 1324 compererat,
1044 1264 1074 1307 et

154 1342 235 1396 quarn
257 1341 318 1378 uam
337 1325 452 1394 ipsorum
472 1323 536 1376 luxu
555 1331 719 1376 contractum
734 1331 798 1390 erat,
812 1321 959 1374 dissolvere
978 1332 1073 1377 tamen

155 1395 214 1465 ipss
236 1343 398 1448 decreverat.
434 1393 483 1461 lili,
505 1392 628 1462 temptari
652 1391 722 1462 ipsos
744 1393 793 1444 rati
826 1407 879 1461 quo
902 1391 1012 1446 facilius
1036 1395 1074 1448 ab

156 1464 277 1532 integris*
293 1472 460 1532 sumptuosos
476 1462 654 1540 discerneret,¹
665 1431 818 1531 prolatando
835 1460 1006 1530 aliquantum
1024 1481 1073 1518 ex·

155 1540 287 1586 traxerant
310 1533 444 1601 temporis.
479 1532 514 1585 Et
537 1548 584 1584 rex
606 1541 671 1584 satis
692 1547 797 1602 gnarus,
817 1531 977 1602 professioni
1001 1533 1074 1586 aeris

155 1603 291 1680 pudorem,
305 1617 355 1653 non
367 1601 564 1654 contumaciam
581 1600 693 1669 obstare,
706 1617 814 1654 mensas
826 1600 887 1654 totis
900 1601 997 1654 castris
1008 1605 1072 1672 poni

166 1672 238 1740 ussit,
252 1680 278 1723 et
291 1669 387 1724 decem
404 1670 479 1724 milia
496 1670 627 1723 talentum
645 1669 762 1740 proferri.
798 1669 867 1722 Turn
884 1669 999 1725 demum
1016 1672 1072 1726 fide

154 1687 226 1794 lacta
238 1739 347 1810 professi
359 1749 428 1809 sunt,
441 1757 492 1794 uec
503 1739 619 1809 amplius
636 1756 670 1792 ex
688 1748 761 1794 tanta
778 1740 893 1810 pecunia
910 1758 994 1810 quam
1008 1760 1073 1796 oen·
1090 1806 1092 1810 ,

156 1821 211 1864 turn
232 1820 258 1862 et
276 1810 381 1878 triginta
399 1809 499 1862 talenta
516 1808 680 1880 superfuere.
716 1809 792 1863 Adeo
811 1809 857 1870 illc
875 1812 1020 1881 exercitus,
1034 1821 1073 1866 tot

156 1877 345 1933 ditissimarum
371 1879 491 1950 gentium
514 1880 605 1950 victor,
629 1877 690 1950 plus
712 1887 804 1932 tamen
826 1878 963 1952 victoriae,
989 1897 1072 1952 quam

156 1948 277 2020 praedae,
291 1948 437 2020 deportarit
450 1965 483 2001 ex
495 1948 568 2003 Asia.

191 2023 216 2071 9.
235 2021 359 2072 Ceterum
379 2027 407 2072 ut
426 2019 561 2087 cognitum
572 2025 629 2088 ¹est,
642 2017 708 2072 alios
719 2017 817 2072 remitti
834 2017 937 2088 domos,
951 2021 1021 2074 alios
1033 2038 1072 2074 re·

157 2087 240 2157 tineri,
255 2099 408 2158 perpetuam
428 2105 490 2142 eum
509 2088 583 2156 regni
602 2088 694 2142 sedem
714 2089 741 2140 in
759 2087 824 2141 Asia
841 2087 998 2143 habitururn
1013 2090 1070 2160 rati,

156 2159 284 2212 vecordes
302 2165 329 2211 et
347 2158 503 2232 disciplinae
522 2155 643 2210 militaris
659 2158 837 2226 immemores,
852 2157 989 2213 seditiosis
1003 2161 1071 2214 voci·

156 2227 207 2280 bus
224 2236 310 2281 castra
327 2227 470 2298 complent,
490 2243 635 2296 regemque
655 2225 769 2280 ferocius
788 2243 868 2298 quam
889 2228 957 2282 alias
978 2231 1070 2299 adorti,

155 2313 249 2350 omnes
273 2295 353 2350 simul
376 2297 530 2350 missionem
553 2295 686 2367 postulare
705 2304 856 2367 coeperunt,
875 2297 1010 2352 deformia
1028 2317 1072 2352 ora

155 2365 324 2419 cicatricibus
333 2368 512 2438 canitiemque
524 2366 642 2436 capitum
656 2373 827 2420 ostentantes.
864 2367 923 2420 Nec
934 2378 984 2421 aut
996 2387 1071 2439 prae-

155 2435 284 2488 fectorum
303 2436 484 2504 castigatione,
497 2445 543 2489 aut
555 2435 716 2488 verecundia
735 2435 815 2504 regis⁶
831 2435 959 2517 deterriti,
975 2437 1071 2492 tumul-

158 2512 234 2557 tuoso
246 2503 362 2556 clamore
375 2513 401 2556 et
414 2505 523 2557 militari
535 2505 661 2558 violentia
673 2505 805 2557 volentem
821 2505 891 2576 loqui
905 2507 1071 2577 inhibebant,

156 2573 245 2644 palam
258 2571 376 2643 professi,
390 2589 521 2643 nusquam
534 2573 596 2626 inde
617 2575 667 2627 nisi
680 2574 707 2626 in
720 2575 839 2656 patriam,
854 2577 998 2646 vestigium
1011 2595 1072 2632 esse

156 2651 280 2698 moturos.
316 2641 439 2696 Tandem
462 2641 566 2696 silentio
590 2614 667 2713 facte,
686 2645 772 2712 magis
795 2661 857 2714 quta
880 2656 985 2700 motum
1012 2665 1071 2700 esse

155 2713 308 2784 credebant,
321 2729 401 2782 quam
414 2713 476 2782 quie
494 2711 543 2782 ipsi
561 2713 662 2766 moveri
680 2722 808 2784 poterant,
821 2715 951 2784 quidnam
964 2726 1072 2771 acturus

156 2791 235 2853 esset,
250 2781 436 2854 expectabant.
468 2781 528 2854 flle,
547 2781 617 2842 Quid
637 2784 711 2852 haec,
730 2783 822 2853 inquit,
840 2801 936 2854 repens
954 2799 1071 2840 conster-

156 2853 247 2923 uati0,⁸
259 2863 286 2906 et
299 2861 354 2907 tam
366 2870 463 2926 procax
474 2862 554 2922 atque
567 2852 653 2906 effusa
664 2852 771 2906 licentia
782 2853 939 2907 denuntiati
975 2856 1071 2926 Eloqui

188 3013 260 3062 ¹'l'he
279 3016 432 3076 subjunctive
452 3031 581 3076 expresses
601 3014 659 3063 here
675 3031 689 3062 a
704 3016 848 3072 restrictiori,
867 3016 914 3067 aud
931 3033 969 3066 we
991 3019 1069 3082 might

155 3074 217 3122 have
229 3074 276 3122 had
286 3091 346 3134 qnae
355 3077 454 3136 quidem.
488 3075 535 3123 See
548 3075 627 3124 Grnm.
640 3073 715 3130 bSGO,
728 3077 750 3132 3,
763 3086 820 3124 note
832 3077 853 3124 2.

184 3131 276 3180 ”The
298 3133 465 3194 olfsoourings,
486 3133 600 3194 formerly
618 3133 646 3182 of
661 3133 767 3190 Athens,
788 3149 844 3184 now
863 3149 925 3184 even
943 3135 973 3184 ot'
989 3138 1067 3187 exile!

156 3189 219 3238 'l'his
231 3190 326 3248 implies
337 3191 389 3239 that
401 3193 441 3238 the
453 3194 532 3240 better
542 3204 595 3253 part
606 3193 636 3241 of
647 3193 688 3241 the
704 3193 781 3242 exiles
796 3193 844 3244 had
858 3193 958 3256 already
969 3197 1066 3254 settled,

155 3248 202 3296 aud
213 3248 286 3296 found
298 3249 382 3296 homes
394 3250 418 3296 in
428 3250 498 3298 other
509 3252 640 3300 countries.
1048 3291 1050 3296 ,

185 3305 252 3354 'Rea
263 3323 337 3353 nouae
346 3321 386 3353 are
401 3308 592 3371 ‘revolutionsry
603 3311 772 3360 movements.'

184 3368 193 3392 ⁴
205 3363 281 3411 ‘Free
292 3363 352 3410 from
364 3363 438 3412 debt.’

182 3427 193 3507 ε
204 3419 359 3469 ‘Reverence
370 3422 407 3469 l'or
417 3423 458 3470 the
470 3421 511 3470 lrin
531 3425 546 3472 .'
724 3485 730 3497 Ι

205 3478 283 3526 ‘Losa
294 3479 323 3526 of
333 3479 503 3530 sslf-commen
522 3483 539 3540 ,’
551 3484 619 3535 often
629 3487 699 3544 used,
713 3485 763 3536 bke
771 3487 855 3549 saror.
867 3487 897 3538 of
907 3503 923 3539 a
932 3491 1038 3555 mutiny.
