2278 3846
460 239 552 280 aran
578 239 617 281 rr.
939 225 995 284 teo

78 345 176 416 tiabat,
189 363 272 416 quem
290 356 427 414 receptam
440 347 465 400 in
478 348 560 401 fidem
573 348 679 418 regioni,
691 365 773 418 quam
785 356 864 404 antea
875 349 995 403 obtinue-

79 417 141 484 rat,¹
161 416 300 486 praefecit.
337 418 371 469 Et
391 433 454 468 oum
471 434 551 484 grave
571 418 661 485 spoliis
678 427 857 488 apparatuque
875 418 995 472 luxuriae

79 501 183 553 agmen
196 486 242 538 rix
258 495 416 552 moreretur,
435 503 497 538 suas
513 487 636 556 primum,
651 486 749 540 deinde
766 489 845 540 totius
862 489 995 540 exercitus

80 555 211 622 sarcinas,
236 556 357 624 exceptis
378 555 522 608 admodum
545 557 710 624 necessariis,
731 556 842 609 conferri
865 556 942 626 jussit
966 557 994 610 iu

80 623 216 677 medium.
254 625 379 677 Planities
396 625 513 693 spatiosa
532 633 595 694 erat,
616 625 642 677 in
661 641 741 694 quam
760 625 884 680 vehicula
901 634 995 680 onusta

81 693 272 762 perduxerant.
309 693 517 763 Expectantibus
534 694 643 762 cunctis,
659 693 723 763 quid
741 694 839 748 deinde
857 705 929 748 esset
946 697 995 750 irn-

82 772 232 884 peorpturua
253 761 374 832 jumenta
395 762 472 832 jussit
494 762 600 831 abduci,
622 764 728 833 suisque
752 765 866 833 primurn
887 764 996 818 sarcinis

153 832 272 901 subdita,
286 840 389 884 ceteras
400 832 506 884 incendi
518 834 672 902 praecepit.l
695 833 853 900 Flagrabant
864 837 995 886 exrrrenti·

83 899 137 954 bus
155 901 279 970 dominis,
298 917 367 970 quae
387 911 414 954 ut
433 902 532 954 intacta
550 919 584 956 ex
601 903 711 955 urbibus
731 902 846 956 hostium
866 911 993 972 raperent,

84 985 133 1022 sae
180 970 304 1023 flammas
314 971 495 1039 restinxerant,
511 972 581 1024 nullo
600 973 734 1039 sanguinis
750 973 864 1041 pretium
879 970 995 1024 audente

83 987 197 1109 cerleio,
211 1056 272 1092 cum
286 1040 372 1108 regias
383 1056 447 1109 opes
462 1041 534 1092 idem
548 1042 614 1108 ignis
626 1051 755 1094 exureret.
792 1041 883 1094 Brevis
896 1040 995 1094 deinde

83 1110 170 1162 oratio
193 1109 324 1178 mitigavit
347 1109 471 1178 dolorem,
493 1111 648 1179 habilesque
672 1110 781 1164 militiae
802 1119 830 1163 et
852 1110 995 1164 adomnia

85 1179 173 1258 parati
181 1177 354 1248 laetabantur,
363 1179 523 1231 sarcinarum
534 1179 627 1249 potius,
636 1195 715 1248 quam
724 1179 887 1250 disciplinae,
897 1179 995 1232 fecisse

84 1248 239 1318 jacturam.⁸
270 1247 352 1316 Igitur
364 1248 531 1300 Bactrianam
544 1249 676 1316 regionem
689 1249 823 1319 petebant.

122 1322 167 1368 22.
185 1316 237 1369 Sed
255 1318 389 1384 Nicanor,⁴
406 1317 585 1370 Parmenionis
602 1318 679 1386 filius,
693 1319 780 1372 subita
796 1327 878 1372 morte
893 1335 995 1387 correp-

86 1395 139 1455 tus,
153 1403 249 1453 magno
261 1385 392 1439 desiderio
405 1387 444 1438 sui
456 1386 581 1438 affecerat
600 1396 717 1440 cunctos.
752 1389 816 1454 Rex,
829 1399 891 1440 ante
902 1405 996 1440 omnes

86 1464 216 1523 maestus,
236 1455 359 1526 cupiebat
382 1455 490 1525 quidem
514 1457 658 1510 subsistere
681 1457 767 1512 funeri
786 1457 925 1525 affuturus,
946 1456 993 1509 sed

86 1525 199 1594 penuria
211 1535 406 1578 commeatuum
421 1526 545 1578 festinare
557 1527 676 1594 cogebat.
700 1528 792 1596 Itaque
806 1526 921 1580 Philotas
933 1543 994 1579 curn

86 1593 193 1647 duobus
203 1594 313 1648 milibus
325 1604 352 1648 et
361 1595 528 1661 DCrelictus,
541 1604 569 1648 ut
581 1596 650 1666 justa
663 1596 735 1650 fratri
748 1596 922 1666 persolveret:
936 1596 996 1664 ipse

87 1661 224 1716 contendit
239 1663 273 1716 ad
293 1664 413 1718 Reseum.
449 1665 502 1718 lter
521 1665 627 1718 facienti
647 1668 672 1719 ei
693 1667 795 1720 litterae
815 1666 995 1719 afferuntura

86 1731 210 1785 finitimis
233 1733 407 1804 satraparum,
428 1751 443 1786 e
467 1735 564 1802 quibus
586 1736 726 1804 cognoscit,
750 1735 861 1790 Bessum
885 1733 993 1804 quidem

86 1801 177 1854 hostili
189 1803 278 1855 animo
290 1819 425 1856 occurrere
437 1821 500 1856 curn
513 1806 637 1872 exercitu,
651 1817 769 1857 ceterum
788 1805 993 1869 Satibarzanem,

85 1887 169 1940 quem
188 1881 319 1941 satrapam
338 1874 470 1926 Ariorum⁶
488 1874 545 1942 ipse
563 1873 741 1942 praefecisset,
755 1872 887 1926 defecisse
903 1873 937 1926 ab
952 1890 994 1924 eo.

85 1941 179 2010 ltaque
191 1957 354 2010 quamquam
368 1943 450 1996 Besso
462 1943 625 2012 imminebat,
639 1954 725 1995 tamen
744 1942 778 1994 ad
797 1943 994 1995 Satibarzanern

85 2010 290 2080 opprimendum
303 2011 444 2080 praeverti⁸
455 2013 584 2081 optimum
604 2022 680 2082 ratus,
694 2013 781 2066 levem
794 2021 953 2064 armaturam
966 2020 994 2063 et

85 2089 225 2148 equestres
243 2081 333 2149 copias
350 2081 446 2150 educit,
461 2091 567 2150 totaque
585 2095 661 2134 nocte
681 2082 773 2134 itinere
792 2091 897 2134 strenue
915 2080 992 2148 facto,

85 2148 247 2218 improvisus
265 2148 335 2202 hosti
349 2152 509 2220 supervenit.
545 2151 626 2220 Cujus
637 2153 741 2219 cognito
753 2151 870 2204 adventu
882 2149 994 2204 Satibar-

85 2233 249 2270 causacum
270 2219 293 2271 ll
313 2218 424 2273 milibus
441 2220 558 2288 equitum
581 2223 642 2288 (nec
662 2222 749 2290 plures
769 2221 856 2274 subito
876 2218 993 2273 contrahi

85 2287 218 2358 poterant)
232 2287 325 2340 Bactra
339 2287 462 2358 perfugit,
477 2291 558 2342 ceteri
577 2293 708 2358 proximos
725 2301 829 2344 montes
846 2306 993 2359 occupave-

86 2366 152 2408 runt.
191 2357 334 2426 Praerupta
353 2373 433 2427 rupes
450 2367 497 2426 est,
512 2377 563 2428 qua
575 2370 677 2428 spectat
689 2360 878 2414 Occidentem:
897 2359 993 2414 eadem

85 2443 138 2494 qua
151 2426 234 2494 vergit
246 2426 280 2478 ad
292 2426 429 2480 Orientem
446 2428 545 2481 leuiore
563 2431 704 2484 summissa
722 2431 835 2499 fastigio,
849 2431 940 2484 multis
954 2447 993 2482 ar·

84 2493 194 2547 boribus
205 2494 299 2565 obsita,
314 2513 459 2565 perennem
476 2496 556 2551 habet
574 2498 681 2566 fontem,
696 2519 730 2554 ex
741 2519 792 2570 qao
805 2500 895 2568 largae
907 2515 994 2570 aquae

84 2577 204 2617 manant.
241 2565 371 2618 Circuitus
388 2567 447 2636 ejus
464 2569 534 2620 XXX
546 2581 573 2620 et
585 2570 609 2622 ll
622 2571 707 2622 stadia
718 2569 927 2640 comprehendit.
964 2569 993 2622 ln

84 2634 184 2686 vertice
205 2633 332 2687 herbidus
351 2652 470 2705 campus.
507 2638 536 2689 ln
559 2635 609 2692 hoc
633 2639 831 2693 multitudinem
856 2639 994 2693 imbellem

81 2702 225 2756 considere
248 2703 357 2772 jubent:
385 2705 442 2774 ipsi,
467 2723 520 2774 qua
543 2724 622 2776 rupes
693 2711 716 2744 '⁷
784 2718 848 2778 erat,
872 2709 994 2762 arborum

82 2782 190 2826 truncos
210 2781 236 2824 et
255 2790 318 2826 saxa
337 2774 522 2828 obmoliuntur.
558 2779 619 2830 Xlll
638 2778 712 2830 milia
730 2791 832 2830 armata
845 2783 928 2830 erant.
964 2777 994 2830 lu

163 2856 182 2860 ..
188 2853 520 2866 ...---—-.....—...-.

102 2857 205 2942 'siffis'
219 2903 245 2934 as
257 2903 294 2935 we
306 2903 345 2936 are
357 2888 407 2936 told
418 2889 511 2949 shortly
521 2891 668 2948 afterwards,
680 2908 729 2940 was
742 2893 840 2939 Ariana.

1 2984 2 2987 ,
110 2945 271 2994 'Construed
291 2946 341 2993 like
354 2947 431 3008 jussit
449 2949 473 2996 in
492 2949 532 2996 the
551 2951 680 3010 preceding
695 2950 791 2998 clause:
810 2949 940 3000 otherwise
956 2968 994 3002 we

82 3002 170 3053 should
183 3003 245 3052 heve
257 3006 374 3065 expected
385 3017 419 3054 et.
453 3009 499 3058 See
512 3009 609 3068 Zumpt,
622 3009 696 3060 ΜΠ.

110 3063 250 3124 ¹Numely,
263 3081 295 3112 se.
327 3065 365 3113 As
377 3068 620 3129 rejecturamsecere,
634 3083 674 3114 see
686 3077 742 3115 note
754 3083 784 3116 on
794 3084 818 3118 v.
831 3072 868 3117 26.

93 3181 99 3194 ·
110 3128 121 3192 ⁸.
130 3123 172 3192 He.
179 3139 231 3172 was
243 3122 284 3172 the
295 3125 449 3194 commender
459 3125 487 3172 of
494 3127 534 3174 the
547 3127 701 3186 Hypaepists,
715 3142 749 3195 pr,
762 3143 790 3179 as
800 3127 899 3178 curtius
909 3131 943 3192 by
951 3145 992 3179 aa·

82 3182 696 3314 {tetthtltt'ttttttt'tttttltttttt
711 3185 763 3296 lli.
784 3245 834 3296 en
861 3249 992 3310 mamm

83 3301 214 3412 meppipp
225 3310 379 3358 emanasset,
395 3301 491 3349 ‘whom
506 3300 537 3350 he
553 3302 654 3350 himself
666 3303 714 3353 had
729 3266 860 3368 appointed
871 3317 952 3370 satrap
962 3308 992 3358 ol

110 3425 121 3452 ⁸
133 3419 189 3468 ‘To
200 3428 257 3467 tum
267 3419 333 3467 asida
344 3418 507 3469 beforehand.’

111 3481 121 3509 ¹
131 3479 206 3528 some
217 3477 285 3527 word
295 3478 339 3528 has
350 3478 456 3540 dropped
466 3489 518 3536 out,
530 3479 633 3542 perhaps
643 3485 747 3534 decima.
