2274 3844
464 249 555 290 araas
576 248 628 288 vn.
941 231 1001 288 208

91 353 175 410 lulum
187 357 390 425 cessaverimus,
404 360 428 408 in
440 358 521 423 tergis
533 356 628 409 nostris
639 355 754 424 Scythae
766 355 921 410 haerebunt.
957 357 1001 410 Au

91 424 138 477 sali
160 433 261 494 sumu's
281 427 328 495 qui
351 426 461 480 flumina
488 436 623 480 transnare
650 425 820 494 possumusl¹
862 425 949 478 Multa
973 426 1001 480 in

91 497 267 563 nosmetipsos
288 496 411 564 recident,
424 497 523 564 quibus
540 495 630 548 adhuc
646 495 767 548 vicimus.
803 493 916 548 Fortuna
936 493 1002 548 belli

90 573 176 617 artam
200 565 286 617 victos
313 581 418 634 quoque
447 566 534 618 docet.
578 565 686 618 Utribus
714 581 822 616 amirem
853 563 1002 633 trajiciendi

91 634 244 703 exemplum
265 634 379 688 lecimus
395 651 494 702 nuper:
514 635 572 702 hoc,
585 635 624 686 ut²
635 631 750 703 Scythae
762 633 860 686 imitari
872 635 1000 704 nesciant,

90 702 220 756 Bactriani
238 703 379 758 docebunt.
426 705 567 758 Praeterea
585 721 654 756 uuus
671 702 758 770 gentis
775 699 855 771 hujus
871 703 1003 758 exercitus

89 771 177 826 adbuc
189 773 272 840 venit,
285 774 366 826 ceteri
378 783 559 843 expectantur.
595 773 635 826 lta
653 771 753 826 bellum
767 771 872 824 vitando
889 772 1002 841 alemus,

90 851 118 894 et
129 842 200 911 quod
218 842 315 896 inferre
332 860 480 912 possumus,
493 843 615 912 accipere
633 858 767 909 cogemur.
803 840 950 894 Manifesta
962 851 1003 896 est

89 912 194 964 consilii
211 913 266 964 mei
284 913 356 966 ratio.
391 913 442 966 Sed
461 929 495 966 au
514 912 667 981 permissuri
684 911 734 964 sint
753 909 820 964 mibi
838 910 1003 964 Macedones

89 981 179 1033 animo
199 982 238 1034 uti
250 998 318 1050 meo,
331 982 437 1050 dubito;
455 983 518 1051 quia
536 999 570 1034 ex
588 998 639 1049 quo
657 981 707 1034 boc
725 980 820 1034 vulnus
837 980 938 1049 accepi,
951 998 1003 1034 non

89 1066 159 1120 equo
179 1059 274 1104 vectus
291 1069 357 1121 sum,
374 1069 424 1104 non
443 1052 557 1120 pedibus
574 1051 715 1118 ingressus.
751 1049 803 1102 Sed
819 1049 842 1102 si
862 1067 906 1102 me
927 1049 1004 1119 sequi

89 1120 178 1190 vultis,
192 1121 277 1189 valeo,
290 1122 378 1174 amici.
414 1121 482 1174 Satis
501 1122 595 1173 virium
614 1130 654 1173 est
671 1119 706 1172 ad
724 1119 859 1172 toleranda
877 1119 926 1172 ista
932 1135 940 1187 5
957 1129 1004 1172 aut

89 1189 111 1242 si
129 1188 187 1258 jam
204 1190 280 1243 adest
299 1191 369 1244 vitae
388 1208 465 1244 meae
485 1192 551 1260 finis,
568 1191 595 1241 in
612 1206 664 1258 quo
683 1190 791 1242 tandem
809 1205 889 1258 opere
908 1187 1005 1242 melius

90 1260 247 1327 extinguar?

125 1332 168 1381 31.
188 1329 262 1382 Haec
284 1331 392 1399 quassa⁸
409 1329 498 1382 adhuc
522 1345 587 1382 voce
607 1328 792 1396 subdeficiens,
814 1329 860 1381 vix
878 1327 1005 1397 proximis

90 1399 316 1465 exaudientibus,⁴
335 1400 453 1467 dixerat,
476 1416 537 1452 curn
561 1416 654 1452 omnes
674 1416 690 1450 a
711 1407 766 1451 tam
786 1397 922 1467 praecipiti
943 1415 1004 1450 con-

90 1467 148 1520 silio
168 1485 260 1536 regem
278 1468 409 1522 deterrere
427 1479 576 1537 coepemnt,
591 1468 714 1547 Erigyius
731 1469 857 1536 maxime,
869 1468 914 1536 qui
932 1466 1003 1520 haud

90 1553 155 1590 saue
172 1539 329 1591 auctoritate
346 1537 485 1608 pmficiens
504 1538 575 1607 apud
593 1538 755 1590 obstinatum
771 1538 900 1604 animum,
913 1554 1004 1606 super·

90 1607 236 1672 stitionem,
261 1607 338 1678 cujus
361 1617 454 1677 potens
477 1624 529 1660 non
552 1616 608 1660 erat
632 1623 688 1674 rex,
713 1608 832 1660 incutere
857 1607 1003 1676 temptavit,

88 1674 224 1745 dicendc,⁵
247 1677 311 1730 deos
333 1693 438 1746 quoque
462 1676 565 1730 obstare
591 1676 708 1744 consilio,
732 1693 912 1745 magnumque
937 1677 1003 1744 peri·

88 1744 191 1814 culam,
205 1749 228 1799 si
242 1747 341 1800 flumen
362 1747 504 1814 transisset,
517 1746 630 1800 ostendi.
666 1746 774 1798 Intranti
793 1745 899 1814 Erigyio
918 1746 1003 1798 taber·

88 1816 216 1869 naculum
231 1818 301 1885 regis
313 1815 465 1870 Aristander
476 1823 632 1883 occurrerat,
647 1815 730 1867 tristia
748 1825 809 1868 exta
828 1814 910 1868 luisse
923 1815 1000 1878 signi·

87 1884 188 1938 ficana:
213 1886 281 1939 baec
304 1903 337 1939 ex
362 1895 422 1938 vate
445 1895 580 1954 comperta
604 1884 726 1952 Erigyius
750 1884 896 1936 nuntiabat.
944 1883 1003 1942 Quo

88 1954 221 2024 ἰιιιιίιιίιο,εἰ
250 1956 408 2018 Alexander,
440 1971 489 2006 non
521 1956 559 2006 ira
588 1954 682 2018 solum,
714 1952 761 2006 sed
792 1953 873 2004 etiarn
903 1953 1002 2020 pudore

87 2026 225 2094 confusus,
254 2025 325 2095 quod
354 2025 512 2096 superstitio,
536 2041 617 2092 quam
646 2021 787 2089 celaverat,
812 2021 1004 2089 detegebatur,⁷

87 2095 276 2148 Aristandrum
292 2096 380 2148 vocari
396 2094 480 2163 jubet.
516 2093 567 2152 Qui
586 2102 614 2145 ut
632 2091 711 2158 venit,
730 2091 835 2144 intuens
852 2107 924 2154 eum,
943 2091 1003 2144 Nou

88 2180 142 2231 rex,
157 2165 250 2233 inquit,
264 2164 311 2217 sed
330 2168 447 2233 privatus
464 2163 544 2214 sumi
579 2160 740 2216 Sacrificium
758 2170 787 2213 ut
804 2159 915 2228 faceres,
929 2177 1003 2212 man-

86 2233 165 2301 dari3
186 2235 249 2303 quid
262 2250 294 2287 ec
306 2234 511 2304 portenderetur,
525 2249 572 2284 cur
582 2231 652 2300 apud
665 2229 756 2298 aliurn,
769 2247 851 2299 quam
868 2229 939 2298 apud
957 2246 1003 2282 me

87 2303 223 2370 pmiessus
240 2304 289 2356 esi
326 2303 451 2372 Erigyius
467 2317 563 2354 arcana
581 2318 643 2354 mea
660 2309 686 2352 et
704 2308 814 2366 secreta,
828 2309 854 2352 te
867 2299 1002 2368 prodente,

86 2374 220 2440 cognovit.
257 2373 343 2432 Quem
366 2381 468 2426 certum
493 2370 645 2422 mehercule
671 2369 756 2424 habeo
779 2377 900 2423 extorum
923 2369 1003 2422 inter-

87 2451 163 2510 prete
188 2443 228 2495 uti
252 2453 323 2495 metu
348 2442 415 2494 suo⁸
449 2441 510 2493 Tibi
532 2448 624 2492 autem
645 2440 768 2508 quietius,
793 2455 874 2509 quarn
898 2437 1005 2509 potest,⁹

86 2511 223 2582 denuntio,
237 2513 286 2582 ipsi
303 2511 371 2564 milri
390 2511 498 2578 indices,
517 2510 581 2578 quid
599 2510 669 2562 extis
684 2509 845 2578 cognoveris,
865 2526 898 2561 ne
917 2508 1003 2577 possis

117 2647 200 2694 “Are
213 2661 250 2714 sye
267 2645 307 2692 the
323 2643 381 2704 only
391 2658 491 2704 persons
505 2643 561 2723 vyhc
576 2658 621 2690 can
638 2642 708 2689 swim
725 2657 806 2690 across
823 2641 915 2688 riserat
948 2637 1003 2686 Can

87 2706 129 2794 th?
141 2703 541 2823 [8Ῑῖἵὲξιὲῐξιιιῗὲιὲἰιῑξὲιιεέἒξιέῃ,
554 2759 753 2822 ‘grautingthat.’
772 2757 818 2804 See
832 2755 912 2804 Grani.
922 2755 936 2806 b
947 2757 1000 2812 3⁵2,

87 2828 285 2942 ¹¹⁰⁸teEbuivelent
296 2890 321 2928 to
326 2882 416 2942 fracto.

116 2942 269 2996 ‘Exaudira
285 2946 324 2988 ‘to
335 2940 392 2988 hear
403 2955 430 2987 so
441 2955 467 2987 as
479 2935 677 2986 to'understandss

118 3001 159 3048 ·1t
171 3000 250 3068 might
262 2999 313 3068 also
324 2999 385 3046 have
396 2999 459 3046 been
469 3001 555 3046 daras.
613 3055 618 3063 Ι
781 3049 786 3059 Ι

116 3066 126 3091 ·
137 3060 204 3108 That
216 3075 245 3114 rs,
262 3061 348 3119 ‘berng
358 3057 488 3118 presented
499 3058 530 3116 by
542 3056 582 3103 the
595 3055 653 3114 lnng
663 3051 724 3100 from
735 3049 916 3120 saymgmore'

117 3119 199 3168 'This
210 3127 351 3178 statement,
365 3117 414 3166 that
424 3115 619 3164 Alexanderwas
631 3108 749 3178 ashamed
757 3108 784 3156 oi
791 3111 846 3179 bern
875 3107 950 3158 under
960 3107 1002 3156 the

53 3200 56 3206 ·
86 3178 209 3228 influence
221 3176 248 3225 of
261 3175 425 3245 superstition,
438 3185 462 3222 at
478 3171 585 3240 leastflos
597 3188 611 3218 a
627 3177 783 3228 superstition
793 3168 856 3218 whrc
884 3165 1003 3237 belonged

86 3253 129 3307 pro
148 3237 201 3297 erly
212 3247 238 3284 to
250 3236 320 3304 Asta,
333 3245 374 3283 not
392 3245 416 3303 to
429 3235 529 3300 Graece,
543 3247 563 3278 rs
574 3247 588 3277 a
599 3227 750 3278 remarkable
766 3244 821 3287 one,
834 3229 945 3288 showrng
960 3224 1002 3274 the

87 3313 124 3388 m·
137 3292 516 3412 elsyfirlrasdupel’rryggrtrnpllrgglgpffl
524 3288 670 3403 ξῐιιῑιὲῗιῗέιί
676 3349 698 3402 4)
712 3346 779 3396 ‘that
790 3347 820 3396 he
831 3362 888 3396 uses
898 3345 936 3392 his
947 3358 1004 3392 own

86 3413 238 3464 fearforthe
251 3408 470 3472 interpretationes
482 3405 648 3475 mesenatis)
748 3467 753 3477 ι
952 3461 957 3472 Ι

115 3478 125 3503 ⁸
139 3473 227 3521 ‘With
236 3487 303 3520 ruore
311 3473 435 3532 quietuess
443 3467 501 3516 thau
509 3481 530 3514 rs
538 3464 737 3526 possible-that
746 3481 776 3524 rs,
789 3465 861 3514 ‘than
868 3477 917 3524 you
925 3461 1003 3525 might

86 3531 252 3595 expectsrom
263 3531 319 3580 me.’
