2294 3842
473 241 565 284 crana
585 242 648 284 rur.
953 226 1013 286 Μ

99 349 226 420 aepulare
242 351 453 420 comprehendit.
489 351 602 404 Vetusta
618 351 698 404 cedro
716 358 790 404 amnt
807 349 886 420 lacta,
901 365 1012 422 concep·
1093 401 1099 418 ,

99 427 216 488 tamque
236 419 326 487 ignem
346 420 401 472 late
418 419 519 489 ludere,
532 420 618 473 donec
635 421 724 474 omnia
742 421 797 474 aulo
811 427 926 489 aequata
942 431 1011 476 sunt.

100 489 135 542 Et
154 505 191 542 ex
210 489 277 542 urbe
294 490 411 558 primurn
429 491 656 558 canumlatratus,
670 489 767 544 deinde
779 487 862 544 etiam
874 487 1013 546 hominum

98 557 227 612 fremitus
238 557 346 611 auditus
357 569 406 610 est.
425 559 493 612 Tum
507 568 534 612 at
545 558 669 628 oppidani
682 557 795 629 hostem,
808 567 836 610 et
847 557 1013 612 Macedones

98 627 135 679 ad
154 628 250 680 urbem
269 628 340 696 ipsos
358 629 463 681 venisse
481 637 649 697 cognoscunt.
684 630 799 698 Jamque
819 643 866 680 rex
883 628 1012 682 eduxerat

98 697 202 766 copias,
227 705 254 748 ct
279 697 387 749 moenia
408 696 556 766 obsidebat,
580 713 642 750 curn
667 697 782 752 hostium
801 696 848 818 qui
867 696 1012 752 discrimen

97 772 300 834 temptaverant
318 766 404 818 obruti
422 766 483 819 telis
500 777 568 819 sunt.
605 767 675 820 attis
692 783 754 834 ergo
765 766 800 820 de
821 765 937 835 itionem,
950 767 1011 822 aliis

98 851 222 903 pugnam
245 835 360 914 experiri
383 835 521 904 placebat:
547 851 658 904 quorum
680 836 844 890 dubitatione
867 844 1010 906 comperta,

97 904 285 956 circumsiderr
304 914 406 958 tanturn
424 919 478 972 eos,
492 914 519 957 et
532 904 658 958 abstineri
675 905 806 958 caedibus
822 903 908 974 jussit.
943 905 1011 958 Tan-

97 971 221 1042 demque
232 973 379 1026 obsidionis
390 973 468 1026 malis
480 974 580 1042 fatigati
592 971 721 1027 dedidere
730 988 770 1026 ae.
796 978 821 1026 A
830 973 925 1026 Libero
934 973 1011 1028 Patra

97 1042 224 1094 conditos
236 1060 266 1094 sa
278 1059 339 1095 ease
352 1042 493 1112 dicebant;
512 1052 539 1096 et
551 1061 614 1096 vera
632 1041 699 1096 haec
717 1043 789 1111 origo
801 1052 866 1096 erat.
903 1039 959 1095 Sita
970 1052 1011 1096 est

98 1111 153 1163 aab
166 1111 302 1164 radicibus
317 1113 422 1182 montis,
435 1129 517 1182 quera
535 1113 630 1166 Meron
647 1113 749 1166 incolae
766 1111 909 1181 appellant.
946 1110 1012 1166 Inde

97 1181 201 1234 Graeci
220 1181 367 1234 mentiendi
386 1191 489 1236 traxere
507 1183 650 1252 licentiam,
668 1183 742 1236 lovis
759 1180 868 1236 lemiue¹
886 1179 1012 1236 Liberum

99 1249 210 1303 Patrem
222 1267 282 1304 esse
295 1251 421 1304 celatum.

135 1323 179 1371 36.
200 1321 265 1389 Rex,
286 1319 338 1374 situ
358 1321 456 1374 montis
478 1321 582 1388 cognito
606 1339 641 1374 ex
660 1320 761 1389 incolis,
782 1337 845 1374 curn
866 1327 918 1372 toto
938 1336 1011 1374 exer·

97 1388 164 1456 citu,
178 1390 334 1458 praemissis
344 1390 544 1459 commeatibus,
554 1392 682 1444 verticem
695 1389 755 1444 e'us
766 1388 894 1444 ascendit.
924 1389 1013 1443 Multa

99 1457 205 1510 hedera
218 1459 334 1528 vitisque
345 1468 399 1510 toto
410 1459 525 1526 gignitur
537 1469 626 1512 monta
634 1477 642 1529 3
660 1468 761 1513 mutae
779 1476 910 1529 perennes
926 1475 1012 1527 aquae

98 1536 223 1580 manant.
260 1528 400 1581 Pomorum
412 1544 519 1598 quoque
530 1529 597 1582 varii
615 1529 788 1598 salubresque
806 1529 863 1582 suci
881 1538 950 1596 sunt,
964 1543 1013 1584 sua

97 1605 197 1665 sponte
215 1595 381 1649 fortuitorum
400 1597 533 1650 seminum
551 1599 641 1667 larges
657 1598 739 1652 humo
757 1599 897 1652 nutriente.
934 1597 1013 1652 Lauri

100 1664 291 1734 baccarisqne¹
302 1666 386 1718 multa
398 1666 424 1718 in
438 1666 489 1718 illis
509 1668 617 1736 rupibus
635 1667 748 1736 agrestis
764 1682 805 1720 est
817 1668 892 1722 silva.
929 1666 1013 1721 Credo

99 1735 239 1803 equidem,
259 1751 310 1788 non
333 1736 421 1788 divino
445 1736 575 1804 instinctu,
597 1737 644 1790 sed
663 1737 772 1790 lascivia
788 1755 848 1790 esse
867 1746 1011 1806 provectos,

98 1813 131 1856 nt
149 1805 252 1873 passim
273 1803 389 1857 hederae
407 1821 439 1857 ac
451 1805 545 1858 vitium
566 1805 629 1858 folia
646 1807 828 1874 decerperent,
842 1805 1012 1874 redimitique

99 1871 196 1926 tronde
206 1883 260 1926 toto
269 1890 376 1926 ncrnore
389 1873 491 1926 similes
501 1874 691 1928 bacchantibus
703 1884 868 1942 vagarentur.
897 1875 1014 1928 Vocibus

99 1959 166 2011 ergo
179 1951 217 1994 tot
230 1943 341 2009 milium,
356 1943 504 2013 praesidem
525 1945 640 1997 nemoris
659 1943 719 2013 ejus
735 1943 818 1996 deum
838 1944 1011 2012 adorantium,

97 2012 166 2082 juga
178 2012 278 2064 montis
288 2013 422 2081 collesque
435 2013 599 2080 resonabant,
612 2030 676 2067 curn
692 2021 748 2066 orta
766 2012 902 2066 licentiae
912 2012 1014 2082 paucis,

100 2091 131 2136 ut
151 2080 209 2133 lere
220 2082 257 2150 fit,
272 2081 299 2134 in
316 2099 409 2136 ornnes
425 2097 456 2134 aa
474 2093 583 2151 repente
595 2083 738 2152 vulgasset.
774 2082 878 2152 Quippe
896 2081 970 2134 velut
985 2082 1013 2134 in

101 2151 194 2204 media
218 2167 293 2220 pace,
314 2167 362 2220 per
387 2151 483 2204 herbas
505 2163 695 2221 aggestamque
713 2151 832 2205 trondem
851 2159 1014 2220 prostravere

99 2237 222 2289 corpora.
261 2221 294 2274 Et
306 2237 351 2272 rex
363 2220 496 2273 fonuitam
515 2220 644 2275 laetitiam
663 2238 713 2274 nun
731 2230 876 2290 aversatus,
889 2219 962 2288 larga
978 2219 1013 2272 ad

100 2290 198 2360 epulas
210 2290 334 2342 omnibus
345 2290 478 2359 praebitis,
492 2307 538 2358 per
550 2290 643 2344 decem
656 2290 716 2344 dies
727 2290 823 2344 Libero
835 2290 905 2344 Patri
923 2305 1014 2361 opera-

102 2369 162 2414 tum
175 2359 267 2412 habuit
280 2359 447 2412 exercitum.⁸
476 2359 542 2418 Quis
553 2369 640 2429 neget,
650 2361 775 2414 eximiam
788 2377 894 2430 quoque
905 2359 1015 2428 gloriam

102 2445 150 2482 sae
172 2430 214 2480 ius
231 2428 360 2496 fortunae,
372 2445 453 2497 quarn
467 2429 578 2496 virtutis,
591 2447 652 2483 asse
665 2429 845 2484 beneficiuml
863 2430 962 2500 quippe
979 2445 1014 2482 ne

102 2445 247 2568 epuhantes
263 2497 371 2566 quidem
390 2507 418 2550 et
435 2499 534 2568 sopitos
550 2516 624 2552 mero
636 2499 745 2569 aggredi
762 2517 845 2554 ausus
862 2508 904 2552 est
920 2499 1012 2568 hostis,

134 2669 142 2690 ¹
154 2661 182 2710 In
195 2659 286 2717 Greek,
301 2661 342 2708 the
357 2660 426 2721 thigh
443 2663 539 2722 (semar)
550 2663 571 2710 ia
582 2664 659 2711 called
684 2685 697 2717 η
710 2671 738 2715 a.
770 2664 844 2720 Here,
857 2663 924 2718 then,
937 2663 962 2710 in
973 2663 1015 2712 the

103 2722 277 2770 mountainous
289 2720 381 2768 district
392 2735 423 2766 on
434 2721 475 2768 tlre
487 2722 556 2769 north
567 2721 595 2769 ol
606 2723 648 2770 the
683 2682 739 2771 ahul
754 2723 837 2778 River‚
850 2721 930 2768 which
946 2721 1016 2770 hova

103 2781 210 2841 through
222 2796 237 2827 a
248 2779 340 2827 fruitsul
351 2779 398 2826 and
406 2779 514 2838 pleasant
524 2792 633 2841 country,
644 2781 689 2830 and
701 2781 755 2829 falls
764 2782 815 2828 into
824 2780 865 2827 the
875 2779 950 2826 Indus
958 2795 1016 2828 near

104 2840 196 2895 Anah,
209 2839 276 2894 here,
288 2853 325 2885 we
337 2853 389 2906 say,
399 2839 441 2885 the
454 2839 626 2887 Macedoniam
637 2840 739 2900 thought
751 2839 809 2898 they
818 2837 865 2886 had
875 2837 1016 2888 discovered

103 2899 146 2948 the
158 2897 293 2956 birthplace
304 2896 332 2944 of
341 2897 471 2956 Dionysus,
484 2897 530 2946 and
542 2899 583 2946 the
594 2898 746 2957 explanation
756 2897 784 2944 oi
796 2897 837 2944 the
848 2895 911 2964 lqble
921 2895 973 2943 that
984 2896 1016 2946 he

103 2957 152 3006 had
164 2973 232 3005 corne
244 2967 286 3004 out
298 2955 326 3003 ol
333 2957 374 3003 the
385 2956 453 3016 thigh
463 2957 491 3004 oi
498 2957 570 3004 Zeus.
592 2957 647 3003 'I'he
657 2955 781 3004 mountain
789 2965 815 3002 to
824 2953 903 3002 which
913 2954 1016 3004 abusion

104 3017 125 3065 is
137 3017 208 3064 made
220 3025 285 3063 must
297 3017 328 3062 be
337 3030 415 3074 aspur
423 3014 451 3062 of
458 3015 498 3062 the
508 3015 578 3063 chain
586 3013 883 3067 Hindulrushtthelndian
891 3012 1016 3064 Caucasus

104 3091 137 3124 on
148 3076 197 3123 thir
209 3074 261 3122 side
272 3075 314 3121 the
326 3073 418 3128 Indus).
451 3074 498 3121 We
510 3075 630 3127 moderna,
643 3074 667 3120 in
679 3073 745 3121 Euro
761 3081 810 3120 eat
825 3073 894 3131 least,
907 3087 947 3122 are
957 3087 1016 3135 vary

104 3133 130 3182 ill
142 3131 287 3194 acquainted
298 3133 357 3180 with
369 3133 410 3180 the
420 3133 558 3194 geography
569 3132 597 3181 oi
604 3133 654 3180 that
666 3142 718 3192 part
729 3088 840 3181 ofIndia.
908 3137 911 3148 '

132 3214 241 3263 2Boccor
251 3213 271 3261 is
284 3211 382 3261 ashrub
394 3213 453 3260 with
464 3211 567 3272 fragrant
578 3222 651 3259 rocta.
684 3210 732 3259 We
743 3227 783 3259 arc
794 3211 850 3260 herc
862 3211 912 3260 told
923 3211 976 3260 that
986 3225 1018 3262 an

103 3275 217 3326 absolute
228 3271 303 3320 forest
314 3271 342 3320 os
354 3272 403 3320 this
414 3271 488 3320 shrub
499 3271 545 3318 and
556 3264 636 3318 ofthe
648 3269 723 3320 laurel
734 3271 781 3319 had
792 3287 882 3332 sprung
892 3287 933 3330 up.

133 3352 235 3410 '‘Kept
251 3351 319 3400 thern
329 3350 438 3420 engaged
449 3351 473 3397 in
488 3349 528 3397 the
540 3349 645 3409 worship
660 3347 688 3398 of
700 3349 721 3397 F
723 3350 791 3420 ather
802 3343 1015 3420 Liberuthaoohuq,

103 3411 257 3472 Dionysustss
291 3410 391 3472 operari
399 3426 419 3458 rs
431 3409 472 3456 the
483 3423 568 3468 proper
578 3419 640 3458 term
649 3407 685 3458 ior
693 3409 807 3472 rahgroua
818 3425 933 3467 services,
943 3424 1016 3460 saort·

104 3471 175 3528 fieea,
188 3485 298 3531 pravare,
311 3470 357 3518 and
368 3467 452 3518 sacred
462 3483 554 3530 gamas.
