2274 3844
132 195 186 250 lca
395 207 434 247 ue
458 208 565 248 cssrrs
587 207 768 250 scansam.

128 335 244 389 pugnam
270 315 415 369 invadunt.¹
451 316 523 376 Quos
546 315 612 370 dum
634 316 739 370 obsidet
762 333 816 384 rex,
842 317 910 370 inter
933 333 1040 388 promp

129 389 246 440 tissimus
262 385 391 439 dimicans
402 387 497 454 sagitta
510 386 578 439 ictus
591 397 639 456 est,
652 403 720 455 quaa
739 387 765 438 iu
782 385 967 438 mediocrum
986 387 1040 442 fixa

129 457 269 526 reliquerat
287 454 427 525 spiculum.
464 456 541 508 Illum
553 455 663 525 quidem
678 455 773 508 maesti
785 465 812 508 et
823 455 929 508 attoniti
947 457 1040 510 Mace·

128 525 211 578 dones
230 525 257 578 iu
277 534 364 577 castra
382 525 548 578 reserabant:
574 524 621 577 sed
645 542 695 578 nec
716 525 841 578 barbaros
860 525 957 578 selellit
977 527 1039 580 sub·

128 595 225 647 ductus
236 612 270 647 ex
281 595 355 646 acie:
374 594 471 663 quippe
489 611 524 646 ex
541 595 612 646 edito
631 603 720 646 monte
732 605 827 647 cuncta
840 608 1037 663 prospexerant„

129 665 221 733 Itaque
234 673 337 734 postero
349 663 392 716 die
405 663 501 716 misere
513 663 614 732 legatos
625 663 658 716 ad
673 680 771 731 regem,
784 680 851 732 quos
863 664 909 714 ille
921 665 1041 744 protinus

127 735 203 802 jussit
215 733 328 802 admitti,
342 733 486 803 solutisque
505 733 590 802 faciis,
604 733 814 800 magnitudinem
826 733 946 786 vulneris
963 734 1039 788 dissi·

130 804 242 873 mulans,
255 821 316 856 crus
328 803 446 856 barbaris
457 802 579 856 ostendit.
615 802 656 854 Illi
667 801 732 871 jussi
745 802 883 854 considere
895 803 1039 873 affirmant,

129 890 178 926 non
200 873 370 942 Macedones,
384 889 463 942 quam
482 873 562 940 ipsos²
575 871 700 924 tristiores
714 871 797 924 luisse
810 873 916 940 cognito
928 873 1041 926 mtluere

129 944 136 994 i
170 944 224 996 ius:
244 942 321 1013 cujus
338 943 360 993 si
378 951 511 994 auctorem
526 941 709 1011 repperissent,
723 941 857 993 dedituros
869 941 964 1010 luisse,
977 960 1040 996 oum

129 961 180 1066 this
198 1012 271 1065 enirn
288 1027 406 1081 pugnare
426 1011 567 1078 sacrilegos
586 1019 699 1068 tantum.
736 1011 858 1064 Ceterum
880 1020 1041 1079 segentem

131 1084 156 1134 in
175 1082 256 1134 fidem
274 1081 379 1149 dedere,
394 1089 531 1149 superatos
548 1080 644 1132 virtute
662 1079 740 1132 illius.
776 1081 841 1150 Rex,
858 1080 912 1132 fide
931 1081 997 1133 data
1014 1092 1041 1134 et

129 1153 240 1220 captivis
252 1153 372 1219 receptis,
384 1159 492 1218 gentem
506 1151 530 1202 in
544 1149 705 1202 deditionem
716 1149 828 1218 accepit.
864 1151 966 1202 Castris
979 1151 1041 1206 iude

129 1222 208 1272 motis
227 1219 321 1272 lectica
336 1219 439 1270 militari
457 1218 598 1286 serebatur,
611 1235 692 1286 quam
710 1235 756 1288 pro
774 1236 803 1270 se
822 1219 937 1289 quisque
958 1237 1041 1290 eques

129 1289 262 1368 pedesque
275 1287 374 1340 subire⁸
385 1288 530 1340 certabant.
567 1289 684 1356 Equites,
698 1305 761 1340 cum
772 1288 869 1356 quibus
881 1306 929 1342 rex
940 1289 1041 1358 proelia

130 1360 196 1410 rnire
216 1358 309 1409 solitus
329 1368 392 1425 erat,
414 1358 452 1408 sui
474 1357 591 1410 muneris
614 1357 639 1408 id
664 1374 722 1409 esse
746 1358 909 1411 censebant:
934 1359 1041 1427 pedites

129 1435 225 1495 contra,
244 1443 305 1478 oum
325 1428 427 1478 saucios
444 1427 638 1480 commilitones
658 1426 706 1496 ipsi
726 1436 829 1494 gestare
847 1429 1038 1498 assuevissent,

128 1497 192 1564 eripi
211 1495 260 1548 sibi
279 1496 410 1564 proprium
429 1496 547 1548 officium
566 1505 621 1548 tum
640 1496 814 1564 potissimum,
833 1512 898 1550 cum
918 1514 966 1550 rex
983 1515 1039 1566 ges-

129 1565 224 1617 tandus
247 1576 325 1632 esset,
365 1565 531 1618 uerebantur.
567 1567 631 1631 Rex,
654 1567 679 1616 in
702 1574 772 1618 tanto
797 1566 935 1634 utriusque
959 1568 1041 1636 partis

129 1634 281 1702 certamine,
296 1642 323 1686 et
336 1637 356 1686 si
377 1635 384 1686 i
397 1633 544 1704 difficilem,
558 1643 584 1686 et
597 1635 744 1703 praeteritis
755 1651 864 1702 gravem
877 1635 1039 1690 electionem

129 1703 244 1756 futuram
258 1713 335 1772 ratus,
350 1704 462 1757 invicem
476 1703 564 1756 subire
576 1720 623 1754 eos
633 1702 717 1772 jussit.

165 1777 206 1826 26.
225 1773 293 1824 Hinc
305 1783 395 1841 quarto
410 1774 455 1825 die
470 1773 503 1824 ad
522 1772 614 1825 urbem
632 1771 804 1824 Maracanda⁴
815 1782 978 1842 perventum
991 1787 1039 1826 est.

130 1843 198 1896 LXX
210 1841 295 1894 stadia
306 1859 398 1895 murus
410 1843 481 1896 urbis
492 1843 674 1912 amplectitur,
693 1859 740 1896 arx
756 1843 807 1893 alio
826 1842 941 1910 cingitur
954 1860 1039 1897 muro.

130 1915 169 1965 Ae
188 1912 318 1980 praesidio
336 1912 409 1965 urbis
428 1912 523 1978 relicto,
538 1913 669 1980 proximos
681 1912 754 1964 vicos
770 1909 946 2012 depopulatur
959 1921 1040 1981 atque

130 1983 199 2036 urit.⁵
239 1983 331 2050 Legati
358 1981 456 2034 deinde
486 1981 613 2034 Abiorum
643 1981 801 2050 Scytharum
840 1983 1038 2051 superveniunt,

130 2051 214 2120 liberi,
227 2068 261 2104 ex
273 2069 325 2120 quo
340 2051 490 2102 decesserat
508 2052 599 2119 Cyrus,
617 2059 674 2102 turn
692 2051 821 2118 imperata
839 2048 943 2102 facturi.
981 2051 1039 2104 Jus-

130 2122 244 2174 tissimos
263 2120 431 2173 barbarorum
452 2121 604 2172 constabat:
629 2119 709 2171 armis
731 2117 906 2186 abstinebant,
930 2119 983 2172 nisi
1002 2121 1038 2172 la·

129 2191 234 2242 cessiti:
258 2189 384 2242 libertatis
404 2189 507 2242 modico
526 2199 552 2241 et
571 2189 676 2257 aequali
696 2205 745 2240 usu
767 2187 932 2257 principibus
952 2188 1038 2242 humi·

128 2258 206 2311 liores
218 2277 294 2326 pares
306 2261 431 2310 fecerant.
469 2260 523 2310 Hos
534 2259 647 2326 benigne
660 2257 795 2326 allocutus,
808 2258 843 2309 ad
855 2274 901 2309 eos
914 2259 1036 2327 Scythas,

128 2329 172 2397 qui
195 2329 327 2396 Europam
347 2328 481 2395 incolunt,⁷
501 2327 614 2380 Berdam
634 2326 768 2396 quendam
789 2326 858 2379 misit
879 2344 914 2379 ex
934 2329 1036 2396 amicis,

127 2398 173 2465 qui
197 2397 362 2449 denuntiaret
386 2396 434 2464 his,
459 2415 492 2448 ne
516 2397 636 2465 Tanaim,
658 2413 765 2449 amnem
791 2396 910 2465 regioniS,
933 2397 1036 2466 injussu

128 2467 196 2534 regis
213 2467 359 2518 transirent.
396 2465 491 2518 Eidem
509 2467 672 2532 mandatnm,
691 2476 717 2517 ut
734 2465 956 2535 contemplaretur
969 2466 1036 2519 loco·

156 2571 163 2593 ¹
175 2564 318 2623 Equivalent
330 2575 355 2610 to
366 2565 543 2626 ingrediuntur,
557 2565 647 2610 ineunt.

154 2623 319 2684 ‘Equiralent
335 2633 360 2670 to
375 2641 408 2678 se,
426 2625 469 2670 hut
487 2637 551 2670 more
571 2622 706 2680 emphatic;
732 2621 805 2681 ‘they
823 2620 983 2677 themselves,
1002 2623 1035 2680 by

126 2683 205 2731 whom
218 2683 258 2730 the
270 2682 357 2730 wound
369 2682 414 2730 had
426 2683 488 2729 been
499 2679 621 2728 inflicted.’

153 2743 228 2791 ³‘To
244 2742 317 2791 bear)
351 2741 427 2801 Many
444 2741 471 2788 oi
486 2741 526 2788 the
546 2739 694 2800 compounds
710 2739 738 2786 ol
751 2741 786 2788 ire
800 2738 860 2786 have
877 2754 892 2786 a
908 2739 1033 2788 transitive

124 2803 243 2862 meaning.
276 2802 322 2850 See
337 2800 506 2855 Grum.b250,
520 2810 575 2846 note
588 2803 607 2846 1.
868 2856 873 2864 .

153 2861 382 2920 ⁴Unquestionably
398 2859 438 2907 the
458 2859 556 2907 modern
574 2859 623 2926 city
639 2857 667 2904 os
682 2856 835 2925 Samarcand,
853 2857 960 2904 situated
979 2857 1003 2904 in
1019 2873 1034 2905 a

123 2918 200 2967 fertile
219 2921 312 2968 district
328 2919 434 2967 watered
453 2918 542 2978 hythe
561 2933 622 2966 rrver
641 2917 812 2976 Polytimetus,
829 2931 856 2963 as
872 2915 914 2962 the
935 2915 1032 2966 Greeks

123 2979 236 3026 translate
249 2980 279 3026 its
291 2979 371 3026 native
383 2994 460 3026 name.

152 3045 159 3068 ¹
171 3037 196 3084 N
198 3054 212 3084 o
223 3038 298 3084 doubt
308 3038 345 3086 sor
355 3038 395 3085 the
408 3052 509 3096 purpose
520 3035 548 3082 os
555 3035 718 3140 inducingthe
730 3031 877 3102 inhabitants
889 3033 917 3080 ol
924 3032 965 3081 tha
976 3049 1030 3083 sur·

122 3096 240 3156 rounding
250 3107 352 3156 country
361 3095 506 3155 uoluntarily
518 3105 543 3142 to
554 3094 637 3141 tender
647 3103 656 3139 t
675 3109 709 3141 err
719 3095 873 3141 submissron.

149 3161 158 3184 ⁸
169 3155 194 3202 A
205 3155 315 3202 nomadic
327 3156 396 3210 tribe,
410 3155 465 3202 who
476 3169 539 3201 were
551 3151 671 3200 rechoned
684 3153 717 3212 by
728 3151 768 3199 the
781 3151 877 3219 Greeks
888 3167 978 3212 among
989 3151 1030 3200 the

121 3212 259 3274 Scythians,
273 3213 319 3260 and
336 3214 359 3260 in
375 3214 455 3261 whom
472 3214 530 3271 they
547 3211 650 3272 thought
666 3211 724 3271 they
739 3209 880 3272 recognrsed
896 3210 938 3258 the
957 3216 1031 3272 ‘very

123 3271 270 3378 jupq'pdrot’
284 3271 312 3318 of
325 3271 570 3377 Hpmer,1lpcd.lpri,i)i.
582 3274 603 3317 6.

120 3345 422 3494 ,hebfalss'essshffiheayihh
432 3345 606 3436 piveqewasetqe
619 3387 709 3436 Tanais
721 3387 800 3445 (Dan),
811 3403 874 3436 were
886 3387 1031 3438 considered

131 3459 146 3490 o
173 3461 221 3492 ern
257 3461 337 3505 urope.

589 3328 637 3376 ond
648 3333 688 3376 the
700 3329 821 3385 iaxartes,
832 3327 878 3376 and
889 3327 955 3384 who,
967 3327 1031 3378 stom
1123 3381 1124 3386 ,
