2322 3850
158 195 214 278 74*
425 230 465 272 us
488 229 595 273 cssrrs
615 229 800 272 rurxrrmrn.

159 357 273 414 qnoque,
292 339 326 394 ob
344 339 479 408 egregiam
496 339 523 393 in
541 339 638 410 partes¹
658 337 746 408 fidem,
766 347 793 391 et
816 340 968 408 pecuniam,
987 355 1069 410 quam

160 413 186 466 in
204 410 306 464 bellurn
323 409 515 480 impenderant,
528 407 650 476 reddidit,
670 414 697 460 et
716 425 842 475 magnam
860 409 994 476 regionem
1013 409 1070 462 fini·

161 482 210 535 hus
234 479 341 549 adjecit.
377 479 533 550 Cypriorum
558 493 663 548 quoque
688 476 802 546 regibus,
822 477 868 546 qui
893 487 920 529 et
945 494 962 529 a
986 478 1071 530 Dareo

161 549 313 604 deiecerant
330 547 473 618 adipsum,
486 558 513 600 et
525 547 686 616 oppugnanti
700 547 802 668 Tqrum
814 546 942 599 miserant
955 546 1071 600 classem

160 634 206 690 pro
224 618 318 672 merito
336 617 419 672 honos
438 617 546 671 habitus
569 626 617 669 est.
654 619 726 685 Amp
745 625 834 668 oterus
851 615 957 685 deinde,
977 616 1072 668 classis

161 687 319 760 praefectus,
337 687 371 740 ad
390 686 555 742 liberandam
574 687 680 739 Cretam
700 686 797 738 missus
817 687 944 756 (namque
965 695 991 736 et
1011 686 1071 740 Per·

162 774 250 812 sarum
268 765 295 812 et
313 757 499 827 Spartanorum
521 756 604 810 armis
625 754 751 825 pleraque
769 755 828 824 ejus
847 755 948 808 insulae
967 755 1071 808 obside-

162 827 276 898 bantur),
300 835 362 880 ante
385 827 476 881 omnia
499 841 573 879 mare
598 841 615 878 a
638 824 757 894 piraticis
779 825 910 877 classibus
935 825 1072 878 vindicare

161 897 265 965 jussus:
284 896 382 967 qnippe
399 895 554 950 obnoxium*
571 902 627 947 erat
645 893 826 964 praedonibus,
841 895 866 946 in
888 894 987 948 bellum
1003 905 1070 947 utro-

162 981 215 1036 que
231 983 294 1035 rege
312 981 447 1020 converso.
483 965 532 1018 His
550 963 711 1034 compositis,
731 963 840 1016 Herculi
857 964 938 1034 Tyrio
955 981 991 1016 ex
1008 980 1072 1016 auro

162 1043 293 1089 crateram
310 1052 372 1089 cum
392 1036 496 1104 triginta
513 1034 610 1104 pateris
628 1033 742 1086 dicavit:
762 1033 958 1102 imminensque
977 1035 1072 1102 Dareo,

165 1105 199 1159 ad
212 1105 365 1176 Euphraten
377 1103 428 1158 iter
438 1104 599 1174 pronuntiari
610 1101 695 1171 jussit.

198 1178 239 1228 ³6.
252 1177 288 1228 At
300 1175 409 1243 Dareus,
418 1189 481 1227 cum
493 1172 780 1243 Aegypto³deverrisse
794 1171 818 1223 in
832 1170 952 1224 Africam
967 1173 1073 1224 hostem

162 1243 341 1314 comperisset,
353 1242 527 1312 dubitaverat,
540 1244 674 1296 utrumne⁴
684 1243 755 1295 circa
767 1239 845 1294 Meso
880 1241 991 1294 lamiam
1011 1242 1073 1294 sub·

165 1314 276 1383 sisteret,
289 1327 324 1366 an
340 1312 463 1366 interiora
480 1312 553 1380 regni
571 1312 612 1365 sui
628 1319 739 1391 peteret,
753 1309 824 1363 haud
862 1310 925 1363 nbie
941 1311 1073 1379 potentior

162 1390 254 1436 auctor
276 1397 403 1452 praesens
424 1380 527 1434 iuturus
549 1380 650 1434 ultimis
676 1380 800 1450 gentibus
828 1381 939 1448 impigre
971 1379 1071 1432 bellum

162 1451 339 1521 capessendi,⁵
349 1467 418 1520 quas
427 1467 506 1518 aegre
517 1467 565 1520 per
575 1449 725 1520 praefectos
736 1466 799 1502 suos
810 1449 990 1502 moliebatur.l
1018 1449 1071 1502 Sed

163 1529 192 1574 ut
210 1519 315 1574 idoneis
332 1519 484 1573 auctoribus
495 1519 567 1574 fama
579 1517 704 1588 vulgavit,
718 1518 900 1573 Alexandrum-
911 1533 974 1572 enm
986 1519 1071 1572 omni·

163 1589 214 1643 hus
235 1589 326 1660 copiis,
345 1605 533 1658 quamcunque
556 1590 613 1658 ipse
636 1588 730 1642 adiecit
747 1589 889 1658 regionem,
908 1590 1069 1656 petiturum:

162 1657 234 1714 haud
246 1658 361 1729 ignmm,
374 1675 455 1728 quarn
468 1675 530 1712 cum
548 1667 654 1712 strenuo
667 1675 709 1711 res
720 1661 798 1726 esset,
812 1657 902 1710 omnin
914 1657 1071 1726 longinqua·

163 1745 221 1783 rum
232 1729 351 1796 gentium
371 1727 470 1781 auxilia
490 1727 662 1798 Babyloniam
682 1727 800 1782 contrahi
818 1726 903 1797 jussit.
939 1726 1072 1780 Bactriani

162 1798 331 1878 Scythaeque
354 1805 382 1851 et
404 1798 463 1852 Indi
480 1805 674 1852 convenerant:
699 1799 772 1850 nam⁷
788 1805 816 1849 et
833 1803 985 1850 ceterarum
1008 1813 1072 1866 gen·
1109 1813 1111 1817 ·

162 1867 229 1922 tium
239 1883 333 1937 coprae
345 1867 465 1938 partibus
476 1866 556 1921 simul
567 1865 708 1920 alluemnt.
739 1867 872 1932 Cetemm,
885 1881 948 1918 cum
960 1865 1072 1920 dimidio

161 1935 247 1990 senne
264 1937 349 2008 major
365 1945 437 1991 esset
454 1937 594 2006 exercitus,
612 1951 693 2005 quarn
711 1936 739 1988 in
756 1934 960 2005 Cilicia-fuerat,
980 1935 1073 1988 multis

160 2023 236 2061 arma
253 2005 370 2078 deerant,
384 2023 454 2077 quae
472 2023 577 2060 summa
588 2021 652 2058 cura
663 2005 891 2074 comparabantur.
927 2005 1073 2074 Eqmtibus

162 2077 291 2146 equisque
309 2084 466 2145 tegumenta
483 2084 556 2129 erant
574 2091 609 2128 ex
626 2074 719 2127 ferreis
742 2073 851 2127 laminis
867 2073 935 2126 serie
954 2075 1025 2128 inter
1042 2089 1071 2128 se

161 2145 304 2199 connexis:
323 2147 385 2226 quis
401 2154 481 2199 antea
498 2152 602 2214 praeter
618 2143 706 2214 jacula
718 2143 782 2197 nihil
795 2143 912 2210 dederat,
926 2153 1005 2197 scuta
1017 2143 1072 2212 gla-

161 2215 253 2284 diique
265 2213 473 2285 adjiciebantur:
493 2229 674 2284 equorumque
686 2213 812 2266 domandi
823 2229 919 2282 greges
936 2213 1074 2282 peditibus

161 2283 295 2338 distributi
307 2292 375 2353 sunt,
388 2292 417 2336 ut
428 2282 513 2352 major
528 2281 637 2352 pristino
655 2291 726 2336 esset
744 2283 892 2352 equitatus:
913 2282 1071 2352 ingensque,

161 2359 190 2405 ut
209 2351 365 2421 crediberat‚
386 2351 501 2406 hostium
522 2361 610 2419 terror,
623 2353 755 2406 ducentae
775 2351 889 2406 falcatae
926 2353 1074 2422 nadrigae,⁸

161 2421 270 2477 unicum
282 2420 387 2475 illarum
402 2421 671 2490 garamannum,
684 2431 793 2474 secutae
806 2431 875 2474 sunt.
935 2439 953 2474 x
965 2438 1073 2476 summo

161 2499 269 2544 temone
293 2489 388 2544 hastae
405 2489 538 2560 praefixae
557 2490 624 2544 ferro
642 2491 802 2560 eminebant,
822 2491 956 2560 utrimque
972 2509 991 2544 a
1007 2491 1072 2562 jugo

162 2567 250 2614 ternos
265 2559 398 2619 direxerat
417 2559 528 2630 gladios,
547 2560 615 2614 inter
634 2559 720 2614 radios
739 2568 854 2614 rotarum
874 2558 950 2630 plura
970 2561 1074 2632 spicula

172 2721 174 2728 ·
191 2698 198 2722 ¹
209 2691 343 2742 ‘Towards
353 2691 391 2740 his
402 2691 583 2761 (Alexander’sl
594 2693 679 2754 party!
708 2693 737 2741 ln
746 2693 817 2742 Latin
825 2693 867 2742 the
877 2695 1018 2754 pronounis
1030 2707 1071 2744 not

161 2751 223 2802 used
233 2751 306 2800 when
316 2750 357 2800 the
368 2761 438 2812 party
449 2767 469 2800 rs
485 2751 538 2800 that
549 2752 577 2801 ol
591 2753 632 2802 the
650 2752 745 2813 subject
762 2753 790 2802 os
804 2753 845 2802 the
864 2763 989 2812 sentence,
1001 2769 1030 2804 as
1046 2756 1071 2804 in

161 2812 211 2861 this
221 2827 277 2860 case
288 2810 436 2860 Alexander.

189 2869 338 2931 '‘Exposed
349 2870 393 2929 to,’
409 2870 496 2932 ‘giren
506 2886 539 2931 up
550 2870 591 2918 to!

190 2929 345 3018 :According
353 2938 379 2999 tc
389 2929 488 3000 rotano
498 2930 613 2998 Aegypto.
644 2929 693 2998 See
704 2930 811 3001 Geumi
822 2936 875 2990 wi,
888 2935 911 2982 3.

191 2989 855 3108 ιῗῗῧῆῧξῖῗὲἭῖὲἚῗἮὲἓὲῗἔῗιίῗέῗῑέἲὲέἐ,
873 3059 911 3100 m
927 3065 954 3100 a
970 3067 985 3100 a
1001 3067 1070 3102 moe

162 3107 280 3215 qowerfrrl
291 3107 405 3156 stimulus
416 3117 441 3156 to
451 3107 492 3155 the
503 3121 562 3168 very
571 3117 664 3155 remote
675 3107 759 3164 tribes,
772 3117 798 3158 tc
808 3108 941 3160 undertake
952 3111 999 3159 and
1010 3127 1068 3160 con·

178 3175 220 3214 uct
231 3165 272 3214 the
283 3180 335 3216 war
344 3165 405 3214 with
416 3167 532 3227 activity.’

190 3229 198 3254 ¹
211 3223 266 3273 ‘To
281 3233 327 3293 set·
335 3223 360 3272 in
370 3226 478 3293 motion!
510 3225 597 3275 Moliri
607 3239 664 3286 may
673 3226 704 3274 he
714 3225 809 3286 applied
820 3235 845 3274 to
856 3225 943 3276 almost
953 3242 1001 3289 any
1012 3229 1067 3278 toil-

161 3298 238 3340 sonm,
251 3283 374 3331 lahonous
384 3281 458 3332 affair.

190 3341 247 3391 'To
257 3340 354 3401 explain
363 3340 406 3410 the
419 3341 488 3400 ‘fon’
500 3343 624 3405 athought
632 3353 697 3393 must
707 3346 738 3394 bs
746 3344 870 3405 supplied:
882 3345 942 3395 sach
953 3360 989 3404 as,
1003 3345 1068 3396 ‘But

161 3399 174 3450 1
185 3400 247 3450 used
257 3409 300 3449 not
310 3409 418 3468 mentrpn
429 3399 499 3452 these
510 3402 680 3464 particularly.’
737 3405 745 3420 ⁸

190 3459 452 3521 *temon-chance!
