2294 3842
129 215 189 276 m
396 231 435 272 ca
459 223 566 272 staats
587 228 768 271 atanacar.

128 341 227 410 oritur3
238 340 426 412 pautatimqna
443 339 551 393 liberius
568 339 642 394 detor
658 339 734 407 srigt¹
751 338 847 408 coepit,
866 337 1040 394 munandans

130 411 252 479 lacrimis,
271 410 339 462 adeo
363 421 393 462 ut
416 425 469 476 rex,
490 411 527 462 ira
544 411 568 462 in
593 409 798 462 misericordiam
820 425 903 474 versa,
924 425 960 460 ne
983 407 1039 476 ipse

129 481 238 552 quidem
250 495 418 549 quamquam
426 493 542 547 cuperet,
555 488 703 547 temperare
715 477 812 529 οοιιΙιεΙ
823 479 948 546 potuerit.
1032 489 1037 496 ·

168 553 205 601 12.
220 549 340 602 Tandem
354 547 475 600 universa
487 549 608 600 contione
620 547 732 600 effusius
744 547 834 616 flente,
843 547 1040 600 Coenusaaatta

129 627 170 670 est
190 618 376 670 cunctantibus
394 619 497 686 cereris,
518 620 623 686 propius
641 615 753 668 tribunal
771 616 910 690 accedere,
931 615 1039 682 signitii·

129 703 194 740 cans
211 703 241 740 aa
258 687 329 756 loqui
347 687 426 738 veile.
461 686 548 744 Quem
567 697 596 738 ut
614 686 704 738 ridere
723 685 823 738 milites
840 685 1041 738 detrahentem⁸

129 755 236 826 galeam
258 757 340 828 capiti
366 757 415 826 (ita
441 757 512 808 enim
540 771 631 823 regern
655 755 754 822 alioqui
780 771 838 806 mos
860 755 923 823 est),
944 754 1040 808 hortari

129 841 177 878 coe
214 836 281 895 runt,
301 837 329 878 ut
352 841 463 878 causam
485 835 619 878 exercitus
641 833 740 892 ageret.
776 824 846 876 Turn
865 825 980 889 Coeum
999 825 1040 878 Dii

149 912 176 947 ro
198 896 294 964 ibeant,
307 896 399 964 inquit,
412 913 428 946 a
441 893 515 947 nobis
527 894 624 963 impias
635 902 756 958 mentes;
773 903 799 944 et
819 893 938 960 profecto
956 894 1042 962 prohi-

166 973 203 1017 nt.
240 964 316 1018 idem
326 965 433 1016 animus
444 973 484 1016 sat
497 965 556 1032 tuis,
569 965 613 1032 qni
626 963 674 1016 fuit
687 979 793 1030 semper
805 962 844 1014 ire
857 978 910 1030 quo
921 961 1041 1030 jusseris,

130 1049 255 1104 pugnare,
273 1034 421 1103 periclitari,
441 1033 567 1100 sanguine
585 1043 671 1085 nostro
687 1032 877 1084 commendare
895 1033 1042 1099 posteritati

131 1113 206 1156 tuum
220 1119 323 1156 nomen.
356 1103 466 1156 Proinde
480 1106 500 1156 si
516 1119 675 1170 perseveras,
689 1103 805 1153 inermes
817 1115 923 1170 quoquc
937 1113 965 1152 et
979 1101 1043 1154 uadi

132 1181 158 1226 ct
171 1190 327 1240 exsangues.
342 1182 476 1241 utcunque
489 1172 536 1225 tibi
548 1171 680 1239 conticet,
694 1171 836 1240 sequimur,
851 1169 895 1220 vet
907 1172 1042 1226 antecedi·

132 1245 212 1294 rrius.⁴
246 1242 297 1295 Sed
319 1243 340 1294 si
360 1241 511 1293 audireris
531 1257 580 1293 non
602 1243 677 1294 fictas
697 1249 800 1292 tuorum
821 1239 942 1292 miiitum
956 1257 1043 1308 voces,

132 1325 225 1364 rerum
238 1313 395 1364 necessitate
408 1311 500 1364 ultima
515 1327 661 1379 expressas,
677 1310 781 1379 praebe,
795 1325 903 1378 quaeso,
918 1311 1046 1378 propitias

132 1397 210 1432 aures
222 1381 364 1450 imperium
375 1389 455 1450 atque
468 1382 616 1448 auspicium
630 1391 703 1432 tuum
713 1378 925 1432 constantissime
934 1381 1043 1448 secutis,

132 1458 159 1500 ct
171 1465 329 1519 quocunque
341 1451 429 1520 pergis
441 1450 578 1502 secuturis.
615 1450 716 1516 Vicisti,
729 1465 783 1516 rex,
801 1448 988 1514 magnitudine
1007 1465 1045 1502 re·

134 1535 190 1570 rum
204 1534 254 1569 nnn
267 1517 356 1570 hostes
368 1518 454 1586 modo,
463 1519 509 1570 sed
520 1521 602 1572 etiarn
612 1519 728 1572 milites.⁶
751 1517 884 1586 Quicquid
896 1519 1046 1572 mortalitas

132 1603 164 1640 oe
201 1597 348 1654 repeterat,
362 1586 540 1655 implevimus.
573 1590 697 1641 Emensis
707 1590 790 1642 maria
801 1598 937 1656 terrasque
947 1589 1046 1640 melius

133 1673 166 1708 no
186 1657 215 1722 is,
225 1671 306 1724 quam
320 1656 419 1724 incutis,
429 1657 518 1710 omnia
531 1666 592 1710 nota
604 1667 672 1709 sunt.
704 1659 791 1710 Paene
803 1658 828 1708 in
843 1657 938 1708 ultimo
951 1657 1045 1710 mundi

133 1725 386 1778 fineoonststimus!
417 1725 645 1779 inaliumorbsm
658 1726 1046 1795 parasirqetlndiamquae·
1139 1753 1140 1796 j

134 1795 168 1846 ris
179 1793 252 1846 indis
263 1811 368 1866 quoque
381 1795 511 1862 ignotam:
532 1797 599 1848 inter
618 1796 687 1848 ieras
705 1805 895 1864 serpentesque
914 1794 1046 1864 degentes

134 1879 226 1916 eruere
244 1880 279 1916 ex
297 1863 406 1918 latebris
423 1875 449 1918 ct
468 1865 602 1918 cubilibus
620 1866 675 1917 suis
693 1865 802 1934 expetis,
817 1875 845 1917 ut
864 1865 948 1932 plura,
962 1881 1046 1933 quam
1139 1875 1140 1904 3

134 1932 172 1986 coi
185 1932 267 2001 videt,
279 1934 388 1986 victoria
401 1933 504 1986 lustres.
541 1935 625 2002 Digna
638 1951 742 2002 prorsus
754 1935 878 2000 cogitatio
888 1935 980 1986 animo
992 1944 1045 2000 tao,
1140 1939 1141 1954 ¹

131 2001 180 2054 aed
194 2002 270 2054 altior
282 2016 376 2056 nostro.
402 2004 492 2057 Virtus
503 2005 574 2056 enim
588 2015 633 2056 tua
646 2020 752 2072 semper
765 2005 789 2054 in
804 2005 970 2056 incremento
977 2005 1047 2072 ertu*
1139 2009 1141 2070 i

136 2085 222 2124 nostre
234 2072 275 2124 vis
285 2071 341 2142 jam
353 2074 378 2124 in
391 2073 444 2126 fine
456 2083 504 2126 est.
535 2075 639 2126 intuere
651 2089 759 2141 corpora
771 2073 923 2141 exsanguia,
938 2083 975 2125 tot
989 2091 1046 2143 per·

135 2141 204 2193 sonsa
221 2141 382 2210 vulneribus,
403 2151 440 2194 tot
459 2143 624 2195 cicatricibus
643 2144 748 2211 putria.⁸
781 2143 842 2196 Jam
863 2142 917 2193 teia
939 2143 1046 2196 hebetia

136 2217 211 2262 sunt:
229 2209 516 2278 jamarmadeficiunt.
553 2212 660 2264 Vestem
677 2211 809 2264 Persicam
825 2212 971 2279 induimus,
984 2212 1046 2282 quia
1140 2251 1141 2276 q

135 2277 283 2332 domestica
301 2280 414 2333 subvehi
432 2297 481 2333 non
534 2289 594 2333 teat.
630 2281 660 2333 in
672 2291 809 2334 externum
821 2282 1047 2348 degeneravimus

135 2347 246 2400 cultum.
282 2349 367 2406 Quoto
379 2349 487 2418 cuique⁹
507 2350 578 2402 orica
591 2351 649 2404 esti
668 2351 728 2418 quis
745 2365 845 2419 equum
863 2350 964 2403 habeti
981 2351 1046 2421 jube
1140 2355 1141 2366 ¹

188 2431 388 2440 ..μὴ-η
400 2435 422 2439 ,-

136 2479 212 2531 everp
221 2479 265 2512 one
276 2464 312 2512 sor
323 2465 424 2513 himself
429 2483 436 2521 ;
455 2467 471 2513 it
488 2469 521 2527 by
531 2484 563 2514 no
578 2484 662 2517 means
673 2469 820 2530 necessarily
830 2469 941 2530 significa
957 2486 989 2518 aa
1004 2486 1045 2520 ex·

137 2537 244 2584 pressiori
256 2521 283 2570 oi
295 2521 451 2583 dispieasure.

166 2588 172 2610 ¹
182 2581 206 2628 A
217 2581 310 2630 naturai
321 2584 460 2642 metaphor:
480 2590 519 2632 ‘to
530 2587 560 2632 be
572 2585 650 2633 raised
660 2586 757 2648 upright
765 2588 781 2645 ;‘
794 2588 908 2649 meaning
923 2587 992 2646 here,
1007 2594 1047 2637 ‘to

138 2642 244 2692 increase
256 2641 302 2690 arrd
313 2643 412 2690 become
424 2659 489 2692 mors
499 2643 627 2694 manifest)

165 2699 240 2782 ’‘'i'o
256 2700 316 2750 have
333 2700 373 2750 the
390 2703 515 2752 command
531 2703 559 2750 oi
571 2703 608 2752 his
624 2706 707 2766 eycsp'
722 2705 772 2754 that
784 2706 815 2762 is,
830 2710 870 2754 ‘to
886 2707 991 2755 restrain
1007 2708 1045 2756 his

137 2769 209 2810 tenrs.

166 2823 175 2848 ³
184 2820 221 2866 Aa
232 2829 258 2867 to
267 2819 308 2868 the
317 2819 445 2868 diss'erence
454 2821 565 2869 between
578 2821 651 2882 Quem
662 2824 740 2871 uidere
749 2825 906 2872 detrahentem
914 2825 962 2873 and
973 2825 1047 2887 Quen

139 2879 351 2936 cidercdetratcre,
364 2896 405 2928 see
418 2881 514 2940 Zumpt,
528 2881 602 2932 t636.

166 2943 175 2964 ⁴
185 2943 191 2962 ⁶
202 2935 237 2984 Or
262 2953 316 2986 oon
324 2939 422 2987 before!
441 2939 495 2987 The
504 2943 623 3000 sequimur
631 2939 651 2988 is
660 2951 700 2988 not
710 2939 829 2988 sufficient
839 2940 924 2990 sorthe
932 2943 1045 3002 speaker,

138 2997 180 3044 but
191 2995 222 3044 he
234 2953 292 3044 adds
304 3001 340 3046 uel
350 3002 503 3047 antecedimus
515 2998 551 3046 sor
561 2999 689 3058 emphasis.
722 2999 768 3047 See
781 3001 880 3058 Zumpt,
893 3001 968 3052 9336.

168 3055 208 3101 Ἀ
222 3051 268 3102 fine
280 3059 433 3115 expression:
454 3058 525 3105 ‘tirou
542 3058 595 3105 itast
612 3058 747 3117 conquered
763 3073 825 3108 even
842 3059 909 3107 thina
925 3075 983 3108 own
998 3060 1046 3110 aoi-

138 3113 331 3219 diprsQ’Ithptliq
347 3117 494 3165 ‘exhausted
506 3117 567 3165 their
578 3117 704 3178 strength.¹

188 3177 194 3198 ¹
238 3187 251 3218 e
280 3183 320 3219 at.

166 3235 175 3260 ³
186 3230 238 3299 We⁸
246 3246 289 3278 use
299 3232 395 3292 exacdy
406 3233 446 3282 the
462 3251 529 3282 sume
542 3233 612 3283 mode
623 3234 652 3282 os
662 3236 815 3296 expression:
835 3235 901 3284 ‘will
911 3235 1005 3298 always
1015 3237 1045 3286 be

137 3305 169 3339 on
179 3289 220 3337 the
232 3290 355 3338 increase)

166 3352 175 3378 ⁸
187 3348 315 3403 Ascuris,
328 3365 354 3396 as
366 3349 383 3395 it
390 3365 467 3417 ‚were
481 3351 636 3413 aputrisying
651 3364 703 3412 part
718 3355 748 3402 of
758 3353 799 3401 tire
815 3353 889 3414 body,
901 3353 958 3412 and,
972 3353 1046 3406 tito·

138 3405 209 3453 biuck
220 3416 273 3464 spot
285 3421 315 3452 on
327 3406 415 3462 struit,
429 3425 443 3456 a
453 3409 507 3468 sign
517 3411 569 3458 that
580 3413 717 3471 corruption
728 3414 748 3460 is
759 3413 790 3460 be
809 3412 897 3474 'unium

148 3480 151 3486 ·
162 3466 176 3492 ⁴
187 3463 267 3510 ‘How
278 3463 324 3512 few
332 3477 374 3512 ere
386 3465 452 3514 there
464 3481 551 3529 among
559 3485 588 3518 us
599 3469 632 3518 all
642 3471 797 3531 possessorio
817 3482 885 3522 costa
894 3471 924 3521 of
930 3471 1015 3524 maiit’

81 3672 137 3686 Α
