2274 3844
474 251 566 292 areca
586 251 637 292 ru.
952 233 1011 288 2⁰6

100 363 128 414 in
140 375 243 429 equum
252 379 330 415 suum
343 361 507 429 ascenderet,
521 370 547 413 et
560 377 589 414 se
601 360 664 428 fuga
681 361 803 429 eriperet.
839 360 913 414 Haec
931 373 1012 426 agen·

100 441 157 484 tem
181 431 272 483 anima
296 431 402 500 defecit,
423 447 569 499 corpusque
593 447 626 482 err
644 446 712 498 equo
730 430 840 483 defluxit
859 431 885 481 in
905 439 1011 480 terram.

100 501 239 570 Hypsidee
257 509 358 570 poterat
378 501 486 568 quidem
506 499 631 567 effugere,
654 500 701 551 sed
721 502 818 552 amisso
841 500 928 552 amico
946 496 1013 550 mori

101 573 203 623 statuit.
239 571 298 622 Una
311 580 366 622 erat
379 587 449 637 cura,
462 586 496 621 ne
508 570 607 621 inultae
619 569 760 621 occideret.
797 569 889 636 ltaque
902 568 1014 620 subditis

101 639 252 692 calcarihus
264 657 340 709 equo,
355 641 378 692 in
397 640 498 692 medios
515 638 605 691 hostes
622 656 651 690 ee
669 638 787 702 immisit,
801 648 827 688 et
847 637 1012 692 memorabili

102 709 176 762 edita
196 726 283 777 pugna
302 710 410 761 obrutus
437 709 496 760 telis
521 718 570 760 est.
606 708 681 766 Quod
703 706 746 758 ubi
766 707 854 759 videre
874 708 919 776 qui
937 707 1014 762 caedi

102 788 266 848 supererant,
281 780 411 830 tumulum
426 778 503 847 paulo
521 795 602 846 quam
623 787 711 829 cetera
732 776 869 828 editiorem
890 779 1014 846 capiunt,

102 866 171 917 quoa
196 848 364 916 Spitamenes
387 848 459 900 lame
486 848 513 899 in
537 847 701 899 deditionem
728 847 885 898 subacturus
902 845 1013 902 obsedit.

104 917 233 970 Cecidere
251 935 284 970 eo
305 918 401 986 proelio
419 917 536 986 peditum
559 918 582 969 ll
604 916 685 982 milia,
699 916 761 968 CCC
779 916 892 982 equites.
928 916 1015 974 Quam

103 988 211 1040 cladem
225 987 376 1040 Alexander
388 987 487 1040 sollerti
499 987 607 1038 oonsilio
620 986 692 1053 texit,
703 993 785 1036 morte
798 983 952 1036 denuntiata
965 984 1014 1054 his,

104 1059 149 1126 qui
162 1074 197 1108 ex
209 1057 308 1125 proelio
320 1055 490 1124 advenerant,
504 1056 525 1108 si
538 1065 599 1108 acta
611 1055 773 1122 vulgassent.

140 1131 181 1177 33.
202 1127 325 1178 Ceterum
346 1141 409 1177 cum
431 1127 520 1178 animo
543 1125 675 1193 disparem
695 1123 797 1176 vultum
822 1123 923 1176 diutius
946 1123 1014 1176 serre

105 1211 154 1247 non
181 1205 278 1264 posset,
299 1197 322 1247 in
351 1195 549 1248 tabernaculum
574 1211 652 1262 super
678 1193 760 1262 ripam
785 1192 902 1246 fluminis
925 1192 959 1244 de
978 1193 1016 1246 in-

104 1265 206 1318 dustria
225 1264 339 1317 locatum
358 1266 475 1317 secessit.
512 1264 553 1317 lbi
565 1264 621 1315 sine
632 1262 735 1316 arbitrie
746 1262 850 1330 singula
862 1262 943 1316 animi
956 1279 1016 1316 con·

105 1334 174 1386 sulta
204 1336 359 1404 pensando,¹
381 1344 488 1386 noctem
517 1333 616 1401 vigiliis
643 1333 762 1399 extraxit,
793 1349 873 1402 saepe
903 1331 1018 1401 pellibus

105 1404 273 1456 tabernaculi
291 1404 420 1472 allevatis,
434 1411 463 1456 ut
481 1403 644 1471 conspiceret
662 1402 776 1455 hostium
795 1402 878 1470 ignes,
891 1419 906 1453 e
919 1402 1018 1470 quibus

104 1474 257 1542 conjectare
274 1484 381 1542 poterat,
394 1481 494 1543 quanta
513 1473 650 1526 hominum
669 1470 810 1525 multitudo
830 1481 910 1524 esset.
945 1473 1017 1526 lam-

105 1559 158 1612 que
187 1543 234 1595 lux
263 1544 412 1612 appetebat,
438 1559 500 1596 cnm
531 1542 664 1594 thoracem
699 1541 807 1597 indutus
837 1541 954 1610 procedit
982 1540 1017 1594 ad

104 1613 215 1681 milites,
230 1621 285 1666 turn
299 1615 411 1681 primum
426 1624 483 1682 post
496 1611 592 1664 vulnus
609 1611 727 1679 proxime
745 1621 895 1679 acceptum.
932 1611 1019 1664 Tanta

104 1692 162 1734 erat
174 1682 247 1751 apud
261 1696 306 1734 eos
318 1683 452 1736 veneratio
473 1682 550 1750 regis,
564 1689 593 1733 ut
611 1680 691 1733 lacile
711 1680 828 1748 periculi,
841 1680 912 1748 quod
931 1678 1018 1733 horre·

105 1751 179 1812 hant,
193 1753 379 1819 cogitationem
393 1752 542 1820 praesentia
554 1749 613 1819 ejus
625 1750 780 1802 excuteret.2
817 1749 891 1802 Laeti
911 1767 973 1817 ergo
991 1759 1018 1802 et

103 1822 280 1874 manantibus
295 1821 403 1889 gandio³
415 1820 538 1888 lacrimis,
553 1819 718 1871 consalutant
737 1835 807 1884 eum,
821 1828 847 1871 et
868 1819 937 1887 quod
957 1829 1018 1871 ante

105 1899 297 1944 recusaverant
321 1891 430 1959 bellum,
456 1889 558 1942 seroces
581 1888 734 1956 deposcunt.
785 1887 833 1940 Ille
857 1905 886 1940 se
911 1888 1020 1942 ratibus⁴

105 1961 229 2029 equitem
258 1961 471 2030 phalangemque
498 1966 732 2026 transportaturum
762 1973 823 2010 esse
852 1955 1019 2025 pronuntiat;

105 2038 278 2099 mperatres
294 2030 369 2100 jubet
394 2047 456 2082 nare
475 2028 561 2080 levius
577 2035 701 2078 armatos.
738 2025 817 2079 Plura
837 2042 887 2078 nec
906 2025 958 2077 dici
977 2042 1021 2078 res

104 2099 276 2169 desideravit,
295 2117 346 2151 nec
371 2117 417 2152 rex
440 2098 528 2150 dicere
552 2114 599 2166 per
618 2095 797 2148 valetudinem
816 2096 907 2163 potuit.
944 2095 1020 2146 Cete-

105 2186 164 2221 mm
191 2178 265 2221 tanta
283 2169 418 2222 alacritate
438 2168 553 2220 militum
577 2175 647 2219 rates
667 2163 777 2234 junctae
797 2173 864 2233 eunt,
884 2174 912 2216 ut
930 2164 957 2216 in
976 2163 1019 2216 tri·

104 2237 247 2291 duum⁶ad
261 2240 309 2292 Xll
321 2239 394 2292 milia
411 2238 524 2290 effectae
544 2236 604 2288 sint.
640 2237 754 2303 Jamque
774 2233 807 2286 ad
830 2234 1019 2286 transeundum

103 2309 198 2362 omnia
217 2319 380 2377 aptaverant,
399 2323 463 2360 cum
487 2306 568 2372 legati
587 2305 743 2374 Scytharum
763 2305 818 2373 XX,
836 2321 909 2357 more
932 2305 1021 2372 gentis

103 2395 153 2448 per
171 2388 260 2430 castra
281 2379 357 2447 equis
375 2377 455 2444 vecti,
469 2375 601 2428 nuntiare⁶
611 2375 705 2443 jubent
725 2375 788 2442 regi,
811 2374 878 2426 velle
897 2373 968 2451 ipsos
985 2374 1020 2426 ad

103 2464 170 2501 eum
190 2447 316 2499 mandata
352 2446 460 2499 erlerre.
497 2445 615 2498 Admissi
634 2446 659 2496 in
678 2443 880 2498 tabernaculum
902 2444 1020 2513 Juseique

101 2517 244 2570 considere
259 2517 284 2568 in
298 2465 371 2568 vulin
392 2515 462 2584 regis
479 2513 626 2566 defixerant
644 2514 750 2582 oculos3
769 2515 848 2567 credo
866 2515 933 2582 quis,
947 2531 1021 2581 mag·

102 2586 228 2638 nitudine
247 2586 362 2654 corporis
385 2585 504 2638 animum
528 2584 738 2653 aestimantibus,
758 2584 880 2636 modicus
904 2582 1021 2635 hahitue²

103 2655 315 2724 haudquaquam
336 2655 425 2707 lamae
443 2653 649 2722 pervidebatur.
686 2651 792 2722 Scythis
810 2662 900 2705 autem
920 2669 979 2721 non,
992 2661 1021 2704 ut

134 2804 141 2826 ¹
151 2795 301 2854 Equivalent
313 2804 338 2842 to
346 2809 460 2856 pensans.

132 2862 159 2886 ⁸⁸
170 2855 216 2903 His
228 2869 343 2914 presence
354 2852 428 2900 drove
439 2863 508 2910 away
518 2865 566 2909 any
578 2849 678 2908 thought
690 2847 718 2896 of
730 2847 771 2894 the
782 2844 888 2912 danger!

133 2915 201 2962 ³See
216 2915 296 2963 Grnm.
309 2913 385 2964 1291.
417 2910 481 2957 Prae
494 2911 584 2970 gaudio
594 2907 676 2956 would
691 2906 752 2954 have
769 2906 830 2952 beon
847 2914 972 2960 incertam,
985 2905 1022 2954 sor

107 2991 169 3043 prce
181 2974 201 3021 ie
213 2973 273 3020 used
286 2973 309 3019 in
321 2986 390 3019 cases
401 2969 429 3016 01
440 2968 595 3028 prevention;
613 2985 632 3014 e.
642 2983 666 3027 g.
681 2963 728 3012 ‘he
744 2962 815 3012 could
832 2970 873 3010 not
891 2961 968 3021 spealt
986 2964 1022 3014 sor

106 3034 170 3093 joy!
205 3033 253 3079 See
266 3033 364 3089 Zumpt,
377 3029 453 3080 1310.

134 3092 207 3139 “On
226 3090 302 3139 rofre!
341 3089 363 3136 It
385 3089 405 3135 ia
426 3087 483 3146 only
505 3085 546 3132 the
566 3093 636 3144 poete
658 3082 714 3130 who
734 3097 778 3130 use
800 3089 862 3130 rates
884 3080 920 3152 lor
940 3083 1020 3138 acuis,

104 3156 217 3257 “ip'lllris
229 3209 250 3255 ie
262 3225 275 3255 a
286 3205 437 3260 remarkable
448 3203 570 3252 deviation
581 3200 642 3249 from
653 3200 694 3248 the
705 3199 816 3310 ordinarp
824 3199 875 3249 rule
885 3199 920 3248 sor
929 3199 970 3248 the
979 3215 1020 3248 ert-

104 3269 218 3328 pression
230 3267 258 3314 of
265 3267 324 3314 time
331 3265 417 3313 within
428 3263 508 3310 which
519 3260 658 3320 something
668 3260 689 3307 is
699 3259 770 3309 done.
816 3276 844 3309 ee
857 3261 938 3308 Graan.
946 3257 959 3308 1
967 3261 1020 3315 308,

104 3333 203 3433 ῃοῖἓῖὲ
214 3345 281 3438 aare.
295 3384 328 3431 nr.
340 3388 376 3432 ao.

135 3450 144 3472 ¹
154 3445 231 3516 Credo
237 3446 292 3504 quir
300 3445 400 3549 (quibus)
411 3473 430 3507 :·
470 3440 599 3496 videbator,
607 3438 717 3488 sororedo
726 3443 789 3501 qnod
795 3440 825 3488 iis
835 3473 841 3486 .
850 3471 856 3486 .
864 3473 870 3485 .
879 3436 1021 3486 oceane.

107 3503 217 3554 Habitus
226 3502 302 3551 refers
331 3515 370 3548 ere
382 3496 525 3558 prmcrpally
536 3506 561 3546 to
571 3507 671 3548 stature.
