2322 3850
513 227 605 270 uasa
625 229 667 272 ιιι.
1001 213 1041 272 8⁸

132 357 268 396 armorum
288 336 415 392 exaudire
432 337 497 392 milri
516 337 623 404 videor‚¹
641 339 730 408 etqui
748 338 816 392 ultro
834 337 910 392 intuli
929 338 1039 408 bellum,

131 413 197 538 {xpe
206 427 341 481 provocor.
377 408 479 462 Dareus
497 423 559 474 ergo
576 424 640 460 cnm
658 419 711 462 tarn
725 408 853 477 superbas
864 407 964 462 litteras
976 407 1037 462 scri·

199 481 229 533 ι’
240 480 372 532 fortunam
385 493 473 530 meam
493 479 519 528 in
538 477 645 530 consilio
659 476 775 530 babuit:³
792 478 837 530 sed
852 479 1037 550 nequicquam,

132 555 154 606 si
167 521 234 605 rnibi
246 550 353 602 arbitrio
365 564 426 601 meo
441 548 537 600 curari⁴
549 547 622 600 licet.
658 547 743 600 Lenta
760 546 878 600 remedia
896 557 922 600 et
941 563 1040 617 segnes

132 621 255 675 medicos
276 635 328 671 non
351 626 493 686 expectant
518 626 636 686 tempora
659 632 736 670 rnea:
763 617 804 669 rel
834 617 901 670 mori
924 627 1029 672 strenue

131 707 215 762 quarn
229 689 302 742 tarde
314 687 499 740 convalescere
519 686 583 738 mibi
601 687 699 740 melius
716 694 766 738 est.
802 686 956 757 Proinde,si
975 656 1038 756 quiri

132 762 199 831 opis,
212 760 235 812 si
252 757 314 827 qnid
333 757 397 810 artis
414 757 440 810 in
458 755 572 810 medicis
587 767 634 826 est,
648 757 739 823 sciant,
754 773 797 811 me
809 771 859 808 non
874 767 928 810 tam
940 757 1038 826 mortis,

132 847 216 900 quarn
235 828 296 882 belli
314 827 462 879 remedium
480 841 616 894 quaerere.
651 827 790 893 lugentem
808 827 931 880 omnibus
953 826 1038 880 iocus·

132 907 205 952 serat
216 915 307 951 curam
320 906 374 949 tam
387 911 516 965 praeceps
528 896 664 948 temeritas
675 894 741 964 ejus.
779 895 847 963 Ergo
866 913 910 966 pro
927 913 957 948 se
969 896 1038 964 quis·

131 985 185 1038 qne
198 967 297 1037 precari
315 967 446 1034 coepere,t
458 981 492 1016 ne
510 963 678 1018 festinatione
697 964 843 1033 periculum
861 975 977 1035 augeret,
990 963 1037 1018 sed

132 1046 205 1090 esset
223 1038 248 1088 in
267 1043 397 1106 potestate
415 1033 596 1087 medentium:
621 1035 757 1104 inexperta
776 1035 895 1090 remedia
912 1033 983 1088 hand
1000 1035 1038 1090 iu·

131 1105 201 1176 juria
226 1107 287 1176 ipsis
312 1122 372 1158 esse
396 1112 526 1172 suspecta,
545 1121 608 1156 cum
625 1103 660 1156 ad
679 1104 823 1172 perniciem
843 1103 901 1174 ejus
924 1105 1039 1158 etiams

132 1179 215 1230 latere
238 1174 332 1244 ipsius⁶
355 1173 468 1244 pecnnia
491 1173 643 1226 sollicitaret
671 1172 762 1226 hostis.
805 1173 909 1244 Quippe
938 1173 1040 1228 Dareus

131 1246 210 1300 mille
228 1246 329 1298 talenta
347 1242 506 1298 interfectori
524 1242 666 1296 Alexandri
689 1242 813 1296 daturum
830 1260 860 1296 se
878 1241 1038 1313 pronuntiari

129 1316 252 1386 jusserat.
289 1315 382 1382 Itaque
405 1329 439 1365 ne
462 1328 588 1364 ausurum
609 1311 720 1380 quidem
743 1329 907 1382 quemquam
930 1311 1039 1366 arbitra·

133 1387 228 1440 bantur
251 1383 364 1452 experiri
385 1381 540 1449 remedium,
560 1383 628 1451 qnod
652 1391 758 1452 propter
780 1385 926 1436 novitatem
949 1390 1039 1452 poam

131 1471 192 1508 esse
204 1462 367 1524 suspectum.
480 1473 495 1514 ο

169 1529 207 1577 14.
228 1525 291 1576 Erat
309 1523 377 1576 inter
394 1519 498 1574 nobiles
520 1517 638 1573 medicos
660 1535 693 1574 ex
711 1519 871 1574 Macedonia
889 1537 980 1589 regem
996 1537 1037 1574 se-

130 1604 210 1647 cutus
232 1593 378 1660 Philippus,
403 1591 509 1643 natione
532 1591 674 1658 Αιιιιιιιιιιι,ἵ
697 1589 766 1644 fidus
789 1589 935 1644 admodum
966 1591 1036 1659 regi:

130 1679 214 1734 puero
225 1670 355 1715 curasset
367 1658 656 1728 custossalutisdatos,
669 1676 721 1712 nou
739 1671 768 1712 ut
787 1677 876 1728 regern
889 1659 977 1730 modo,
990 1659 1038 1714 sed

131 1734 214 1786 etiarn
232 1739 261 1784 ut
279 1731 426 1798 alumnum,
439 1728 538 1783 eximia
550 1730 658 1782 caritate
677 1728 813 1798 diligebat.
850 1729 876 1782 ls
893 1745 946 1782 non
965 1745 1038 1799 prae·
1057 1761 1060 1774 ι

130 1819 196 1872 ceps
219 1819 256 1870 se,
278 1799 325 1852 sed
349 1806 485 1853 strennum
509 1796 657 1851 remedium
681 1797 783 1868 afferre,
804 1807 960 1868 tantamque
983 1799 1039 1854 vim
1139 1823 1145 1840 ·

130 1872 216 1926 morbi
241 1871 346 1940 potione
370 1868 513 1924 medicata⁸
537 1867 688 1921 levaturum
711 1884 770 1920 esse
794 1868 920 1936 promisit.
964 1867 1038 1924 Nulli

124 1963 127 1969 ·
150 1942 291 2006 remissum
303 1939 361 2009 ejus
377 1936 500 2007 placebat
519 1946 624 2007 praeter
642 1936 737 2006 ipsum,
751 1936 829 2006 cujus
848 1937 965 2005 periculo
982 1937 1038 2008 pol·

130 1957 280 2064 icebatur?
320 2009 414 2062 Omnia
436 2006 533 2076 quippe
556 2004 672 2084 facilius,
696 2021 776 2075 quarn
801 2021 912 2074 rnorem,
935 2007 1038 2077 perpeti

129 2089 247 2150 poterat:
273 2095 347 2130 arma
370 2089 396 2130 et
416 2080 489 2130 acies
508 2077 534 2130 in
553 2075 785 2146 ocnlrs‚eran,t„et
804 2075 940 2128 victoriam
961 2077 989 2130 in
1006 2093 1038 2130 so

128 2151 243 2218 positam
267 2165 326 2200 esse
350 2146 531 2214 arbitrabatur,
553 2145 574 2196 si
593 2154 700 2208 ,tantum
717 2153 786 2206 ,ante
810 2143 886 2212 signa
905 2153 974 2198 stare
994 2161 1040 2216 po-

128 2219 231 2286 tuisset,
253 2217 279 2270 id
303 2217 398 2286 ipsum,
418 2214 488 2284 quod
512 2223 569 2284 post
592 2213 667 2285 diem
684 2215 790 2276 tertium
811 2214 1039 2278 medicamentum

128 2301 285 2357 sumpturas
295 2295 365 2339 esset
377 2285 426 2355 (ita
438 2285 510 2340 enim
522 2281 642 2356 medicus
654 2284 832 2355 praedixerat)
842 2301 921 2352 aegre
940 2285 1036 2340 serens.

129 2359 200 2410 lnter
224 2355 292 2408 baec
309 2373 325 2407 a
345 2352 676 2422 Parmenionaiidissinro
700 2355 920 2424 purpuratorum¹⁰
936 2353 1041 2408 litteras

158 2477 165 2498 ¹
177 2470 203 2517 ΙΙ
214 2469 285 2516 think
296 2468 307 2515 l
320 2468 394 2516 hear!
426 2465 550 2514 Eeocdire
560 2467 580 2513 is
590 2473 702 2527 'stronger
713 2467 771 2516 tban
782 2468 823 2516 the
838 2468 926 2528 simple
941 2471 1034 2527 amna,

127 2529 175 2578 and
186 2529 208 2596 is
218 2527 329 2597 properly
340 2525 434 2586 applied
445 2536 469 2573 to
482 2525 532 2584 that
544 2525 623 2574 which
640 2526 660 2574 is
677 2527 749 2576 heard
765 2527 826 2576 from
836 2543 851 2576 a
861 2528 979 2587 distance,
992 2531 1035 2578 but

129 2599 170 2676 yep
176 2586 338 2695 iibtbbbiiiin
350 2645 391 2692 the
400 2653 607 2692 commencement
615 2642 644 2713 of
651 2645 692 2714 tire
701 2659 758 2692 rear.
788 2645 887 2695 Curtius
896 2655 962 2695 must
974 2646 1035 2696 bave

129 2705 222 2754 related
233 2706 281 2752 thrs
292 2720 316 2752 ιιι
327 2704 368 2751 the
380 2703 474 2750 Second
485 2702 564 2758 Book,
578 2703 657 2751 whrch
669 2719 689 2751 rs
700 2704 754 2752 lost.
994 2743 998 2754 ,

157 2765 224 2812 ’Ἧι
235 2764 281 2811 had
294 2779 334 2824 my
346 2763 392 2810 bad
404 2761 460 2811 luclr
471 2777 540 2810 arnon
573 2761 611 2810 lris
627 2763 788 2810 coancillors.'
822 2762 963 2811 Alexander
976 2778 1035 2826 says

129 2824 181 2870 that
190 2825 241 2884 just
253 2839 280 2870 as
291 2839 304 2869 a
315 2821 412 2882 general
428 2821 486 2868 calls
502 2832 528 2868 to
542 2777 582 2869 bis
597 2821 690 2870 coancil
707 2819 802 2869 laithlul
820 2821 866 2868 and
876 2821 1035 2880 experienced

127 2882 228 2938 friends,
238 2898 266 2929 so
276 2881 362 2929 Darius
372 2881 418 2928 had
428 2881 501 2928 telren
510 2881 594 2928 advice
602 2881 663 2928 srorn
673 2881 710 2928 his
720 2878 901 2935 (Alexander’sl
911 2880 957 2930 bad
966 2881 1035 2944 luobu-

127 2942 181 2988 tbat
193 2942 222 2996 is,
235 2941 283 2988 bad
293 2939 384 2987 formed
396 2940 433 2988 bis
445 2939 512 2998 plane
523 2940 669 3000 calculating
679 2953 710 2986 on
722 2939 781 2986 tbat.

157 3005 167 3028 ⁴
177 2999 230 3048 ‘To
241 2999 302 3047 bave
314 2998 416 3046 medical
428 2999 573 3047 treatment)

157 3058 281 3113 'Pr-mori,
294 3067 405 3118 stronger
415 3057 472 3105 than
484 3075 574 3120 rogare,
587 3073 614 3104 or
623 3073 699 3104 omre.

155 3124 164 3148 ⁸
176 3124 182 3144 ¹
193 3117 284 3178 People
295 3132 357 3165 even
368 3119 440 3164 about
453 3116 490 3166 bis
501 3131 556 3164 own
567 3115 671 3175 person)

156 3178 195 3224 'A
206 3177 286 3224 native
295 3175 323 3224 ol
330 3175 474 3228 Acarnania,
485 3176 526 3222 the
535 3185 598 3222 most
607 3172 722 3234 westerly
729 3173 831 3224 division
842 3175 870 3226 ol
878 3177 980 3236 Graeca,
989 3181 1031 3230 bs.

127 3245 210 3296 tween
229 3235 271 3283 the
290 3235 438 3284 Ambracian
458 3235 519 3282 Guls
536 3234 583 3281 and
604 3234 645 3281 the
663 3233 727 3281 river
747 3235 880 3285 Achelous.
912 3237 1034 3298 Principat

127 3305 216 3352 towns,
226 3295 318 3343 Stratos
328 3294 373 3344 and
381 3295 460 3356 Argos
470 3293 563 3347 (called,
573 3293 609 3340 sor
616 3293 763 3350 distinction,
774 3294 816 3342 tlrs
826 3295 1032 3356 Amphilochium.

154 3355 208 3401 ΗΑ
220 3353 355 3402 medicated
365 3353 423 3402 dran
442 3353 488 3408 ht,'
499 3367 527 3399 or
536 3351 625 3410 simply
639 3356 667 3400 ‘a
677 3353 813 3402 medicine’
1042 3401 1043 3406 ,

155 3418 165 3442 ⁸
177 3413 227 3460 ‘At
238 3412 321 3461 whose
332 3412 419 3460 hasard
425 3369 460 3459 be
469 3409 518 3467 (tbe
529 3410 661 3471 physician)
671 3413 740 3462 made
751 3412 777 3462 it'
790 3412 841 3469 (tha
850 3412 973 3474 promissi.

156 3471 311 3532 ”fleechap
323 3486 346 3521 ι.
357 3479 413 3520 nota
425 3473 445 3519 t.
