<?xml version="1.0" encoding="UTF-8"?>
<!DOCTYPE html PUBLIC "-//W3C//DTD XHTML 1.0 Transitional//EN"
    "http://www.w3.org/TR/xhtml1/DTD/xhtml1-transitional.dtd">
<html xmlns="http://www.w3.org/1999/xhtml" xml:lang="en" lang="en">
 <head>
  <title>
</title>
<meta http-equiv="Content-Type" content="text/html;charset=utf-8" />
  <meta name='ocr-system' content='tesseract 3.04.00' />
  <meta name='ocr-capabilities' content='ocr_page ocr_carea ocr_par ocr_line ocrx_word'/>
</head>
<body>
  <div class='ocr_page' id='page_1' title='image "./qcurtiirufidege02rufugoog_0040.png"; bbox 0 0 2322 3850; ppageno 0'>
   <div class='ocr_carea' id='block_1_1' title="bbox 20 1941 255 2025">
    <p class='ocr_par' dir='ltr' id='par_1_1' title="bbox 20 1941 255 2025">
     <span class='ocr_line' id='line_1_1' title="bbox 20 1941 255 2025; baseline 0.013 -29"><span class='ocrx_word' id='word_1_1' title='bbox 20 1959 26 1968; x_wconf 68' lang='grc'><strong>“</strong></span> <span class='ocrx_word' id='word_1_2' title='bbox 110 1941 192 1998; x_wconf 89' lang='lat' dir='ltr'><strong>dividi</strong></span> <span class='ocrx_word' id='word_1_3' title='bbox 211 1945 255 2025; x_wconf 79' lang='lat' dir='ltr'><strong>qui</strong></span> 
     </span>
    </p>
   </div>
   <div class='ocr_carea' id='block_1_2' title="bbox 111 214 754 272">
    <p class='ocr_par' dir='ltr' id='par_1_2' title="bbox 111 214 754 272">
     <span class='ocr_line' id='line_1_2' title="bbox 111 214 754 272; baseline -0.003 0"><span class='ocrx_word' id='word_1_4' title='bbox 111 214 150 272; x_wconf 79' lang='lat'><strong>8⁰</strong></span> <span class='ocrx_word' id='word_1_5' title='bbox 379 230 419 272; x_wconf 78' lang='lat' dir='ltr'><strong>oe</strong></span> <span class='ocrx_word' id='word_1_6' title='bbox 442 228 549 272; x_wconf 74' lang='lat' dir='ltr'><strong>cerere</strong></span> <span class='ocrx_word' id='word_1_7' title='bbox 570 217 754 272; x_wconf 74' lang='lat' dir='ltr'><strong>lensensi.</strong></span> 
     </span>
    </p>
   </div>
   <div class='ocr_carea' id='block_1_3' title="bbox 75 337 1073 2507">
    <p class='ocr_par' dir='ltr' id='par_1_3' title="bbox 75 337 1073 1998">
     <span class='ocr_line' id='line_1_3' title="bbox 110 337 1016 410; baseline -0.002 -18"><span class='ocrx_word' id='word_1_8' title='bbox 110 337 257 410; x_wconf 78' lang='lat' dir='ltr'><strong>dsmneret,</strong></span> <span class='ocrx_word' id='word_1_9' title='bbox 283 347 311 392; x_wconf 80' lang='lat' dir='ltr'><strong>et</strong></span> <span class='ocrx_word' id='word_1_10' title='bbox 333 338 388 392; x_wconf 88' lang='lat' dir='ltr'><strong>ills¹</strong></span> <span class='ocrx_word' id='word_1_11' title='bbox 413 339 543 394; x_wconf 85' lang='lat' dir='ltr'><strong>divideret</strong></span> <span class='ocrx_word' id='word_1_12' title='bbox 566 339 662 394; x_wconf 74' lang='lat' dir='ltr'><strong>saltem</strong></span> <span class='ocrx_word' id='word_1_13' title='bbox 684 337 893 394; x_wconf 79' lang='lat' dir='ltr'><strong>innumerabiles</strong></span> <span class='ocrx_word' id='word_1_14' title='bbox 917 337 1016 408; x_wconf 79' lang='lat' dir='ltr'><strong>copies,</strong></span> 
     </span>
     <span class='ocr_line' id='line_1_4' title="bbox 110 406 1017 478; baseline -0.003 -16"><span class='ocrx_word' id='word_1_15' title='bbox 110 409 174 462; x_wconf 85' lang='lat' dir='ltr'><strong>neu¹</strong></span> <span class='ocrx_word' id='word_1_16' title='bbox 190 408 241 463; x_wconf 87' lang='lat' dir='ltr'><strong>sub</strong></span> <span class='ocrx_word' id='word_1_17' title='bbox 259 425 342 462; x_wconf 89' lang='lat' dir='ltr'><strong>unum</strong></span> <span class='ocrx_word' id='word_1_18' title='bbox 359 407 480 462; x_wconf 75' lang='lat' dir='ltr'><strong>fortunae</strong></span> <span class='ocrx_word' id='word_1_19' title='bbox 498 409 580 463; x_wconf 90' lang='lat' dir='ltr'><strong>ictum</strong></span> <span class='ocrx_word' id='word_1_20' title='bbox 598 419 666 463; x_wconf 82' lang='lat' dir='ltr'><strong>totos</strong></span> <span class='ocrx_word' id='word_1_21' title='bbox 678 409 748 462; x_wconf 85' lang='lat' dir='ltr'><strong>vires</strong></span> <span class='ocrx_word' id='word_1_22' title='bbox 765 409 839 477; x_wconf 86' lang='lat' dir='ltr'><strong>regni</strong></span> <span class='ocrx_word' id='word_1_23' title='bbox 857 406 953 461; x_wconf 83' lang='lat' dir='ltr'><strong>cadere</strong></span> <span class='ocrx_word' id='word_1_24' title='bbox 971 424 1017 478; x_wconf 85' lang='lat' dir='ltr'><strong>po·</strong></span> 
     </span>
     <span class='ocr_line' id='line_1_5' title="bbox 111 475 1016 549; baseline 0 -19"><span class='ocrx_word' id='word_1_25' title='bbox 111 485 218 532; x_wconf 90' lang='lat' dir='ltr'><strong>teretur.</strong></span> <span class='ocrx_word' id='word_1_26' title='bbox 254 479 347 531; x_wconf 86' lang='lat' dir='ltr'><strong>Minus</strong></span> <span class='ocrx_word' id='word_1_27' title='bbox 365 477 416 532; x_wconf 88' lang='lat' dir='ltr'><strong>boc</strong></span> <span class='ocrx_word' id='word_1_28' title='bbox 434 479 497 547; x_wconf 89' lang='lat' dir='ltr'><strong>regi,</strong></span> <span class='ocrx_word' id='word_1_29' title='bbox 510 495 589 549; x_wconf 82' lang='lat' dir='ltr'><strong>quern</strong></span> <span class='ocrx_word' id='word_1_30' title='bbox 629 478 759 549; x_wconf 86' lang='lat' dir='ltr'><strong>urpuretis</strong></span> <span class='ocrx_word' id='word_1_31' title='bbox 771 477 830 548; x_wconf 85' lang='lat' dir='ltr'><strong>ejus</strong></span> <span class='ocrx_word' id='word_1_32' title='bbox 841 475 1016 547; x_wconf 79' lang='lat' dir='ltr'>displicebat:</span> 
     </span>
     <span class='ocr_line' id='line_1_6' title="bbox 109 497 1016 618; baseline 0.001 -19"><span class='ocrx_word' id='word_1_33' title='bbox 109 547 254 617; x_wconf 72' lang='lat' dir='ltr'><strong>ancipitem</strong></span> <span class='ocrx_word' id='word_1_34' title='bbox 266 547 356 616; x_wconf 82' lang='lat' dir='ltr'><strong>fidem,</strong></span> <span class='ocrx_word' id='word_1_35' title='bbox 369 558 396 601; x_wconf 90' lang='lat' dir='ltr'><strong>et</strong></span> <span class='ocrx_word' id='word_1_36' title='bbox 408 549 533 602; x_wconf 77' lang='lat' dir='ltr'><strong>mercede</strong></span> <span class='ocrx_word' id='word_1_37' title='bbox 546 497 668 602; x_wconf 79' lang='lat' dir='ltr'><strong>venalem</strong></span> <span class='ocrx_word' id='word_1_38' title='bbox 682 548 855 618; x_wconf 78' lang='lat' dir='ltr'><strong>proditionem</strong></span> <span class='ocrx_word' id='word_1_39' title='bbox 867 547 1016 616; x_wconf 88' lang='lat' dir='ltr'><strong>imminere,</strong></span> 
     </span>
     <span class='ocr_line' id='line_1_7' title="bbox 75 615 1018 687; baseline -0.004 -13"><span class='ocrx_word' id='word_1_40' title='bbox 75 660 90 674; x_wconf 35' lang='lat' dir='ltr'><strong>e</strong></span> <span class='ocrx_word' id='word_1_41' title='bbox 110 628 138 670; x_wconf 89' lang='lat' dir='ltr'><strong>et</strong></span> <span class='ocrx_word' id='word_1_42' title='bbox 149 616 233 670; x_wconf 79' lang='lat' dir='ltr'><strong>dividi</strong></span> <span class='ocrx_word' id='word_1_43' title='bbox 249 633 302 670; x_wconf 92' lang='lat' dir='ltr'><strong>non</strong></span> <span class='ocrx_word' id='word_1_44' title='bbox 316 617 351 670; x_wconf 93' lang='lat' dir='ltr'><strong>ob</strong></span> <span class='ocrx_word' id='word_1_45' title='bbox 367 617 439 672; x_wconf 85' lang='lat' dir='ltr'><strong>aliud</strong></span> <span class='ocrx_word' id='word_1_46' title='bbox 459 619 549 687; x_wconf 86' lang='lat' dir='ltr'><strong>copies</strong></span> <span class='ocrx_word' id='word_1_47' title='bbox 561 619 638 687; x_wconf 86' lang='lat' dir='ltr'><strong>velle,</strong></span> <span class='ocrx_word' id='word_1_48' title='bbox 651 635 733 687; x_wconf 89' lang='lat' dir='ltr'><strong>quern</strong></span> <span class='ocrx_word' id='word_1_49' title='bbox 751 627 780 671; x_wconf 87' lang='lat' dir='ltr'><strong>ut</strong></span> <span class='ocrx_word' id='word_1_50' title='bbox 798 617 848 687; x_wconf 89' lang='lat' dir='ltr'><strong>ipsi</strong></span> <span class='ocrx_word' id='word_1_51' title='bbox 867 617 893 670; x_wconf 91' lang='lat' dir='ltr'><strong>in</strong></span> <span class='ocrx_word' id='word_1_52' title='bbox 912 615 1018 670; x_wconf 83' lang='lat' dir='ltr'><strong>diverse</strong></span> 
     </span>
     <span class='ocr_line' id='line_1_8' title="bbox 110 685 1016 758; baseline 0 -18"><span class='ocrx_word' id='word_1_53' title='bbox 110 686 229 756; x_wconf 75' lang='lat' dir='ltr'><strong>digressi,</strong></span> <span class='ocrx_word' id='word_1_54' title='bbox 254 687 276 738; x_wconf 88' lang='lat' dir='ltr'><strong>si</strong></span> <span class='ocrx_word' id='word_1_55' title='bbox 306 686 369 756; x_wconf 90' lang='lat' dir='ltr'><strong>quid</strong></span> <span class='ocrx_word' id='word_1_56' title='bbox 391 688 564 742; x_wconf 88' lang='lat' dir='ltr'><strong>commissum</strong></span> <span class='ocrx_word' id='word_1_57' title='bbox 588 689 678 758; x_wconf 81' lang='lat' dir='ltr'><strong>esset,³</strong></span> <span class='ocrx_word' id='word_1_58' title='bbox 701 687 833 741; x_wconf 69' lang='lat' dir='ltr'><strong>traderent</strong></span> <span class='ocrx_word' id='word_1_59' title='bbox 855 685 1016 740; x_wconf 82' lang='lat' dir='ltr'><strong>Alexandro.</strong></span> 
     </span>
     <span class='ocr_line' id='line_1_9' title="bbox 110 755 1019 830; baseline 0 -20"><span class='ocrx_word' id='word_1_60' title='bbox 110 755 183 810; x_wconf 87' lang='lat' dir='ltr'><strong>Nihil</strong></span> <span class='ocrx_word' id='word_1_61' title='bbox 202 755 284 810; x_wconf 90' lang='lat' dir='ltr'><strong>tutius</strong></span> <span class='ocrx_word' id='word_1_62' title='bbox 302 757 365 828; x_wconf 83' lang='lat' dir='ltr'><strong>sore,</strong></span> <span class='ocrx_word' id='word_1_63' title='bbox 378 773 461 828; x_wconf 87' lang='lat' dir='ltr'><strong>quam</strong></span> <span class='ocrx_word' id='word_1_64' title='bbox 478 757 655 811; x_wconf 82' lang='lat' dir='ltr'><strong>circumdatos</strong></span> <span class='ocrx_word' id='word_1_65' title='bbox 672 775 719 810; x_wconf 87' lang='lat' dir='ltr'><strong>eos</strong></span> <span class='ocrx_word' id='word_1_66' title='bbox 736 757 851 810; x_wconf 89' lang='lat' dir='ltr'><strong>exercitu</strong></span> <span class='ocrx_word' id='word_1_67' title='bbox 871 765 924 810; x_wconf 90' lang='lat' dir='ltr'><strong>toto</strong></span> <span class='ocrx_word' id='word_1_68' title='bbox 943 756 1019 830; x_wconf 80' lang='lat' dir='ltr'><strong>obrui</strong></span> 
     </span>
     <span class='ocr_line' id='line_1_10' title="bbox 111 825 1017 896; baseline 0.001 -19"><span class='ocrx_word' id='word_1_69' title='bbox 111 825 178 891; x_wconf 86' lang='lat' dir='ltr'><strong>telis,</strong></span> <span class='ocrx_word' id='word_1_70' title='bbox 192 825 383 882; x_wconf 82' lang='lat' dir='ltr'><strong>documentum</strong></span> <span class='ocrx_word' id='word_1_71' title='bbox 395 845 447 881; x_wconf 92' lang='lat' dir='ltr'><strong>non</strong></span> <span class='ocrx_word' id='word_1_72' title='bbox 460 826 559 880; x_wconf 77' lang='lat' dir='ltr'><strong>inultae</strong></span> <span class='ocrx_word' id='word_1_73' title='bbox 572 828 699 896; x_wconf 77' lang='lat' dir='ltr'><strong>perfidiae</strong></span> <span class='ocrx_word' id='word_1_74' title='bbox 712 827 820 882; x_wconf 84' lang='lat' dir='ltr'><strong>loturos.</strong></span> <span class='ocrx_word' id='word_1_75' title='bbox 856 829 892 880; x_wconf 82' lang='lat' dir='ltr'><strong>At</strong></span> <span class='ocrx_word' id='word_1_76' title='bbox 905 827 1017 896; x_wconf 81' lang='lat' dir='ltr'><strong>Dareus,</strong></span> 
     </span>
     <span class='ocr_line' id='line_1_11' title="bbox 110 896 1018 967; baseline -0.002 -17"><span class='ocrx_word' id='word_1_77' title='bbox 110 903 208 950; x_wconf 86' lang='lat' dir='ltr'><strong>uteret</strong></span> <span class='ocrx_word' id='word_1_78' title='bbox 227 900 344 950; x_wconf 84' lang='lat' dir='ltr'><strong>seuctus⁴</strong></span> <span class='ocrx_word' id='word_1_79' title='bbox 360 914 393 950; x_wconf 87' lang='lat' dir='ltr'><strong>ec</strong></span> <span class='ocrx_word' id='word_1_80' title='bbox 411 898 492 967; x_wconf 89' lang='lat' dir='ltr'><strong>mitis,</strong></span> <span class='ocrx_word' id='word_1_81' title='bbox 506 913 535 949; x_wconf 92' lang='lat' dir='ltr'><strong>se</strong></span> <span class='ocrx_word' id='word_1_82' title='bbox 548 914 610 950; x_wconf 86' lang='lat' dir='ltr'><strong>vero</strong></span> <span class='ocrx_word' id='word_1_83' title='bbox 629 906 732 951; x_wconf 86' lang='lat' dir='ltr'><strong>tanturn</strong></span> <span class='ocrx_word' id='word_1_84' title='bbox 751 896 854 950; x_wconf 80' lang='lat' dir='ltr'><strong>lacinus</strong></span> <span class='ocrx_word' id='word_1_85' title='bbox 866 904 945 964; x_wconf 87' lang='lat' dir='ltr'><strong>negat</strong></span> <span class='ocrx_word' id='word_1_86' title='bbox 957 912 1018 949; x_wconf 90' lang='lat' dir='ltr'><strong>esse</strong></span> 
     </span>
     <span class='ocr_line' id='line_1_12' title="bbox 111 965 1018 1035; baseline 0.001 -17"><span class='ocrx_word' id='word_1_87' title='bbox 111 965 250 1035; x_wconf 81' lang='lat' dir='ltr'><strong>lecturum,</strong></span> <span class='ocrx_word' id='word_1_88' title='bbox 264 976 293 1019; x_wconf 91' lang='lat' dir='ltr'><strong>ut</strong></span> <span class='ocrx_word' id='word_1_89' title='bbox 311 984 387 1020; x_wconf 86' lang='lat' dir='ltr'><strong>snam</strong></span> <span class='ocrx_word' id='word_1_90' title='bbox 405 977 511 1020; x_wconf 85' lang='lat' dir='ltr'><strong>secutos</strong></span> <span class='ocrx_word' id='word_1_91' title='bbox 528 966 618 1034; x_wconf 87' lang='lat' dir='ltr'><strong>fidem,</strong></span> <span class='ocrx_word' id='word_1_92' title='bbox 631 983 694 1020; x_wconf 86' lang='lat' dir='ltr'><strong>suos</strong></span> <span class='ocrx_word' id='word_1_93' title='bbox 710 967 815 1034; x_wconf 80' lang='lat' dir='ltr'><strong>milites,</strong></span> <span class='ocrx_word' id='word_1_94' title='bbox 827 965 920 1035; x_wconf 81' lang='lat' dir='ltr'><strong>jubeat</strong></span> <span class='ocrx_word' id='word_1_95' title='bbox 940 965 1018 1019; x_wconf 89' lang='lat' dir='ltr'><strong>truci·</strong></span> 
     </span>
     <span class='ocr_line' id='line_1_13' title="bbox 110 1034 1020 1106; baseline 0 -18"><span class='ocrx_word' id='word_1_96' title='bbox 110 1035 176 1088; x_wconf 86' lang='lat' dir='ltr'><strong>dari.</strong></span> <span class='ocrx_word' id='word_1_97' title='bbox 211 1037 299 1095; x_wconf 84' lang='lat' dir='ltr'><strong>Quem</strong></span> <span class='ocrx_word' id='word_1_98' title='bbox 321 1036 419 1089; x_wconf 88' lang='lat' dir='ltr'><strong>deinde</strong></span> <span class='ocrx_word' id='word_1_99' title='bbox 437 1036 553 1106; x_wconf 86' lang='lat' dir='ltr'><strong>emplius</strong></span> <span class='ocrx_word' id='word_1_100' title='bbox 569 1037 708 1090; x_wconf 81' lang='lat' dir='ltr'><strong>nationum</strong></span> <span class='ocrx_word' id='word_1_101' title='bbox 725 1045 880 1105; x_wconf 70' lang='lat' dir='ltr'><strong>‚exterarum</strong></span> <span class='ocrx_word' id='word_1_102' title='bbox 903 1034 1020 1088; x_wconf 86' lang='lat' dir='ltr'><strong>salutem</strong></span> 
     </span>
     <span class='ocr_line' id='line_1_14' title="bbox 110 1105 1020 1174; baseline 0.002 -16"><span class='ocrx_word' id='word_1_103' title='bbox 110 1121 187 1158; x_wconf 83' lang='lat' dir='ltr'><strong>suam</strong></span> <span class='ocrx_word' id='word_1_104' title='bbox 212 1106 375 1160; x_wconf 90' lang='lat' dir='ltr'><strong>crediturum</strong></span> <span class='ocrx_word' id='word_1_105' title='bbox 398 1105 456 1172; x_wconf 91' lang='lat' dir='ltr'><strong>sibi,</strong></span> <span class='ocrx_word' id='word_1_106' title='bbox 481 1107 502 1160; x_wconf 89' lang='lat' dir='ltr'><strong>si</strong></span> <span class='ocrx_word' id='word_1_107' title='bbox 527 1114 563 1158; x_wconf 91' lang='lat' dir='ltr'><strong>tot</strong></span> <span class='ocrx_word' id='word_1_108' title='bbox 587 1107 701 1160; x_wconf 89' lang='lat' dir='ltr'><strong>militum</strong></span> <span class='ocrx_word' id='word_1_109' title='bbox 726 1107 853 1174; x_wconf 87' lang='lat' dir='ltr'><strong>sanguine</strong></span> <span class='ocrx_word' id='word_1_110' title='bbox 876 1105 1020 1160; x_wconf 80' lang='lat' dir='ltr'><strong>imbuisset</strong></span> 
     </span>
     <span class='ocr_line' id='line_1_15' title="bbox 111 1175 1018 1245; baseline 0 -17"><span class='ocrx_word' id='word_1_111' title='bbox 111 1175 227 1228; x_wconf 77' lang='lat' dir='ltr'><strong>moncel</strong></span> <span class='ocrx_word' id='word_1_112' title='bbox 263 1177 407 1230; x_wconf 89' lang='lat' dir='ltr'><strong>Neminem</strong></span> <span class='ocrx_word' id='word_1_113' title='bbox 424 1176 549 1230; x_wconf 86' lang='lat' dir='ltr'><strong>stolidum</strong></span> <span class='ocrx_word' id='word_1_114' title='bbox 567 1175 706 1230; x_wconf 81' lang='lat' dir='ltr'><strong>consilium</strong></span> <span class='ocrx_word' id='word_1_115' title='bbox 719 1176 806 1245; x_wconf 83' lang='lat' dir='ltr'><strong>capite</strong></span> <span class='ocrx_word' id='word_1_116' title='bbox 818 1176 891 1228; x_wconf 86' lang='lat' dir='ltr'><strong>luere</strong></span> <span class='ocrx_word' id='word_1_117' title='bbox 909 1175 1018 1228; x_wconf 90' lang='lat' dir='ltr'><strong>debere.</strong></span> 
     </span>
     <span class='ocr_line' id='line_1_16' title="bbox 111 1243 1018 1316; baseline 0 -18"><span class='ocrx_word' id='word_1_118' title='bbox 111 1244 253 1298; x_wconf 89' lang='lat' dir='ltr'><strong>Deluturos</strong></span> <span class='ocrx_word' id='word_1_119' title='bbox 270 1246 342 1298; x_wconf 88' lang='lat' dir='ltr'><strong>eninr</strong></span> <span class='ocrx_word' id='word_1_120' title='bbox 361 1245 407 1314; x_wconf 91' lang='lat' dir='ltr'><strong>qui</strong></span> <span class='ocrx_word' id='word_1_121' title='bbox 424 1246 573 1310; x_wconf 78' lang='lat' dir='ltr'><strong>suaderent,</strong></span> <span class='ocrx_word' id='word_1_122' title='bbox 587 1246 735 1300; x_wconf 85' lang='lat' dir='ltr'><strong>si-suesisse</strong></span> <span class='ocrx_word' id='word_1_123' title='bbox 748 1243 924 1316; x_wconf 89' lang='lat' dir='ltr'><strong>periculosum</strong></span> <span class='ocrx_word' id='word_1_124' title='bbox 937 1253 1018 1298; x_wconf 84' lang='lat' dir='ltr'><strong>esset.</strong></span> 
     </span>
     <span class='ocr_line' id='line_1_17' title="bbox 113 1313 1018 1385; baseline 0 -17"><span class='ocrx_word' id='word_1_125' title='bbox 113 1315 235 1384; x_wconf 88' lang='lat' dir='ltr'><strong>Denique</strong></span> <span class='ocrx_word' id='word_1_126' title='bbox 254 1316 324 1385; x_wconf 91' lang='lat' dir='ltr'><strong>ipsos</strong></span> <span class='ocrx_word' id='word_1_127' title='bbox 335 1315 431 1368; x_wconf 83' lang='lat' dir='ltr'><strong>cotidie</strong></span> <span class='ocrx_word' id='word_1_128' title='bbox 443 1316 477 1369; x_wconf 85' lang='lat' dir='ltr'><strong>ed</strong></span> <span class='ocrx_word' id='word_1_129' title='bbox 491 1334 519 1369; x_wconf 90' lang='lat' dir='ltr'><strong>se</strong></span> <span class='ocrx_word' id='word_1_130' title='bbox 535 1315 659 1370; x_wconf 83' lang='lat' dir='ltr'><strong>advocari</strong></span> <span class='ocrx_word' id='word_1_131' title='bbox 676 1318 701 1370; x_wconf 93' lang='lat' dir='ltr'><strong>in</strong></span> <span class='ocrx_word' id='word_1_132' title='bbox 721 1315 867 1382; x_wconf 90' lang='lat' dir='ltr'><strong>consilinm,</strong></span> <span class='ocrx_word' id='word_1_133' title='bbox 881 1313 1018 1384; x_wconf 79' lang='lat' dir='ltr'><strong>variosque</strong></span> 
     </span>
     <span class='ocr_line' id='line_1_18' title="bbox 113 1383 1018 1454; baseline 0.001 -18"><span class='ocrx_word' id='word_1_134' title='bbox 113 1386 258 1438; x_wconf 81' lang='lat' dir='ltr'><strong>sententies</strong></span> <span class='ocrx_word' id='word_1_135' title='bbox 276 1384 373 1454; x_wconf 85' lang='lat' dir='ltr'><strong>dicere,</strong></span> <span class='ocrx_word' id='word_1_136' title='bbox 388 1403 437 1438; x_wconf 90' lang='lat' dir='ltr'><strong>nec</strong></span> <span class='ocrx_word' id='word_1_137' title='bbox 457 1396 546 1438; x_wconf 85' lang='lat' dir='ltr'><strong>temen</strong></span> <span class='ocrx_word' id='word_1_138' title='bbox 567 1386 683 1442; x_wconf 85' lang='lat' dir='ltr'><strong>melioris</strong></span> <span class='ocrx_word' id='word_1_139' title='bbox 702 1385 765 1440; x_wconf 89' lang='lat' dir='ltr'><strong>fidei</strong></span> <span class='ocrx_word' id='word_1_140' title='bbox 783 1383 883 1452; x_wconf 82' lang='lat' dir='ltr'><strong>heberi,</strong></span> <span class='ocrx_word' id='word_1_141' title='bbox 897 1383 943 1454; x_wconf 91' lang='lat' dir='ltr'><strong>qui</strong></span> <span class='ocrx_word' id='word_1_142' title='bbox 958 1399 1018 1453; x_wconf 91' lang='lat' dir='ltr'><strong>pru·</strong></span> 
     </span>
     <span class='ocr_line' id='line_1_19' title="bbox 112 1453 1019 1524; baseline 0 -18"><span class='ocrx_word' id='word_1_143' title='bbox 112 1453 219 1507; x_wconf 85' lang='lat' dir='ltr'><strong>dentius</strong></span> <span class='ocrx_word' id='word_1_144' title='bbox 248 1455 366 1508; x_wconf 80' lang='lat' dir='ltr'><strong>suaserit.</strong></span> <span class='ocrx_word' id='word_1_145' title='bbox 403 1456 495 1524; x_wconf 82' lang='lat' dir='ltr'><strong>ltaque</strong></span> <span class='ocrx_word' id='word_1_146' title='bbox 525 1457 636 1510; x_wconf 83' lang='lat' dir='ltr'><strong>Graecis</strong></span> <span class='ocrx_word' id='word_1_147' title='bbox 666 1455 795 1509; x_wconf 71' lang='lat' dir='ltr'><strong>nuntiarel</strong></span> <span class='ocrx_word' id='word_1_148' title='bbox 817 1453 901 1524; x_wconf 86' lang='lat' dir='ltr'><strong>jubet,</strong></span> <span class='ocrx_word' id='word_1_149' title='bbox 929 1453 1019 1522; x_wconf 90' lang='lat' dir='ltr'><strong>ipsum</strong></span> 
     </span>
     <span class='ocr_line' id='line_1_20' title="bbox 111 1523 1018 1596; baseline 0 -20"><span class='ocrx_word' id='word_1_150' title='bbox 111 1524 220 1593; x_wconf 88' lang='lat' dir='ltr'><strong>quidem</strong></span> <span class='ocrx_word' id='word_1_151' title='bbox 235 1523 435 1578; x_wconf 81' lang='lat' dir='ltr'><strong>benevolentiae</strong></span> <span class='ocrx_word' id='word_1_152' title='bbox 449 1523 551 1580; x_wconf 89' lang='lat' dir='ltr'><strong>illorum</strong></span> <span class='ocrx_word' id='word_1_153' title='bbox 563 1527 662 1596; x_wconf 85' lang='lat' dir='ltr'><strong>gratias</strong></span> <span class='ocrx_word' id='word_1_154' title='bbox 673 1543 760 1594; x_wconf 83' lang='lat' dir='ltr'><strong>egere,</strong></span> <span class='ocrx_word' id='word_1_155' title='bbox 773 1533 901 1594; x_wconf 87' lang='lat' dir='ltr'><strong>ceterum,</strong></span> <span class='ocrx_word' id='word_1_156' title='bbox 914 1523 936 1574; x_wconf 93' lang='lat' dir='ltr'><strong>si</strong></span> <span class='ocrx_word' id='word_1_157' title='bbox 950 1532 1018 1576; x_wconf 86' lang='lat' dir='ltr'><strong>retro</strong></span> 
     </span>
     <span class='ocr_line' id='line_1_21' title="bbox 111 1591 1020 1663; baseline 0.001 -18"><span class='ocrx_word' id='word_1_158' title='bbox 111 1594 149 1646; x_wconf 92' lang='lat' dir='ltr'><strong>ire</strong></span> <span class='ocrx_word' id='word_1_159' title='bbox 161 1602 261 1663; x_wconf 82' lang='lat' dir='ltr'><strong>perget,</strong></span> <span class='ocrx_word' id='word_1_160' title='bbox 275 1593 346 1647; x_wconf 75' lang='lat' dir='ltr'><strong>haud</strong></span> <span class='ocrx_word' id='word_1_161' title='bbox 364 1594 445 1648; x_wconf 89' lang='lat' dir='ltr'><strong>dubie</strong></span> <span class='ocrx_word' id='word_1_162' title='bbox 464 1612 573 1663; x_wconf 87' lang='lat' dir='ltr'><strong>reguum</strong></span> <span class='ocrx_word' id='word_1_163' title='bbox 581 1596 714 1650; x_wconf 72' lang='lat' dir='ltr'><strong>hostibus</strong></span> <span class='ocrx_word' id='word_1_164' title='bbox 731 1593 897 1648; x_wconf 84' lang='lat' dir='ltr'><strong>traditurum.</strong></span> <span class='ocrx_word' id='word_1_165' title='bbox 935 1591 1020 1646; x_wconf 81' lang='lat' dir='ltr'><strong>Fame</strong></span> 
     </span>
     <span class='ocr_line' id='line_1_22' title="bbox 110 1659 1019 1735; baseline -0.002 -17"><span class='ocrx_word' id='word_1_166' title='bbox 110 1663 182 1718; x_wconf 87' lang='lat' dir='ltr'><strong>belle</strong></span> <span class='ocrx_word' id='word_1_167' title='bbox 194 1663 282 1732; x_wconf 79' lang='lat' dir='ltr'><strong>starc,⁸</strong></span> <span class='ocrx_word' id='word_1_168' title='bbox 295 1674 321 1717; x_wconf 90' lang='lat' dir='ltr'><strong>et</strong></span> <span class='ocrx_word' id='word_1_169' title='bbox 334 1681 405 1734; x_wconf 90' lang='lat' dir='ltr'><strong>eum,</strong></span> <span class='ocrx_word' id='word_1_170' title='bbox 415 1666 460 1735; x_wconf 92' lang='lat' dir='ltr'><strong>qui</strong></span> <span class='ocrx_word' id='word_1_171' title='bbox 473 1666 587 1733; x_wconf 83' lang='lat' dir='ltr'><strong>recedat,</strong></span> <span class='ocrx_word' id='word_1_172' title='bbox 598 1665 690 1732; x_wconf 84' lang='lat' dir='ltr'><strong>lugere</strong></span> <span class='ocrx_word' id='word_1_173' title='bbox 700 1663 780 1718; x_wconf 88' lang='lat' dir='ltr'><strong>credi.</strong></span> <span class='ocrx_word' id='word_1_174' title='bbox 810 1659 944 1718; x_wconf 83' lang='lat' dir='ltr'><strong>Trahendi</strong></span> <span class='ocrx_word' id='word_1_175' title='bbox 956 1677 1019 1716; x_wconf 86' lang='lat' dir='ltr'><strong>rerc</strong></span> 
     </span>
     <span class='ocr_line' id='line_1_23' title="bbox 110 1729 1018 1800; baseline -0.006 -12"><span class='ocrx_word' id='word_1_176' title='bbox 110 1733 174 1788; x_wconf 91' lang='lat' dir='ltr'><strong>belli</strong></span> <span class='ocrx_word' id='word_1_177' title='bbox 197 1734 242 1786; x_wconf 82' lang='lat' dir='ltr'><strong>vix</strong></span> <span class='ocrx_word' id='word_1_178' title='bbox 267 1733 350 1788; x_wconf 81' lang='lat' dir='ltr'><strong>ullam</strong></span> <span class='ocrx_word' id='word_1_179' title='bbox 374 1753 435 1788; x_wconf 87' lang='lat' dir='ltr'><strong>esse</strong></span> <span class='ocrx_word' id='word_1_180' title='bbox 459 1736 596 1788; x_wconf 79' lang='lat' dir='ltr'><strong>rationem.</strong></span> <span class='ocrx_word' id='word_1_181' title='bbox 632 1735 734 1788; x_wconf 83' lang='lat' dir='ltr'><strong>Tantos</strong></span> <span class='ocrx_word' id='word_1_182' title='bbox 754 1734 826 1786; x_wconf 89' lang='lat' dir='ltr'><strong>enirn</strong></span> <span class='ocrx_word' id='word_1_183' title='bbox 846 1729 1018 1800; x_wconf 89' lang='lat' dir='ltr'><strong>multitudini,</strong></span> 
     </span>
     <span class='ocr_line' id='line_1_24' title="bbox 111 1801 1073 1874; baseline 0 -18"><span class='ocrx_word' id='word_1_184' title='bbox 111 1803 203 1872; x_wconf 85' lang='lat' dir='ltr'><strong>utique</strong></span> <span class='ocrx_word' id='word_1_185' title='bbox 221 1821 284 1857; x_wconf 90' lang='lat' dir='ltr'><strong>curn</strong></span> <span class='ocrx_word' id='word_1_186' title='bbox 303 1803 359 1874; x_wconf 87' lang='lat' dir='ltr'><strong>jem</strong></span> <span class='ocrx_word' id='word_1_187' title='bbox 371 1804 459 1858; x_wconf 88' lang='lat' dir='ltr'><strong>hiems</strong></span> <span class='ocrx_word' id='word_1_188' title='bbox 480 1805 594 1873; x_wconf 80' lang='lat' dir='ltr'><strong>instaret,</strong></span> <span class='ocrx_word' id='word_1_189' title='bbox 610 1805 636 1858; x_wconf 89' lang='lat' dir='ltr'><strong>in</strong></span> <span class='ocrx_word' id='word_1_190' title='bbox 649 1806 754 1870; x_wconf 79' lang='lat' dir='ltr'><strong>regione</strong></span> <span class='ocrx_word' id='word_1_191' title='bbox 767 1811 848 1872; x_wconf 73' lang='lat' dir='ltr'><strong>resta,</strong></span> <span class='ocrx_word' id='word_1_192' title='bbox 863 1811 889 1854; x_wconf 89' lang='lat' dir='ltr'><strong>et</strong></span> <span class='ocrx_word' id='word_1_193' title='bbox 903 1801 1019 1856; x_wconf 85' lang='lat' dir='ltr'><strong>invicem</strong></span> <span class='ocrx_word' id='word_1_194' title='bbox 1071 1808 1073 1812; x_wconf 82' lang='lat'>&#39;</span> 
     </span>
     <span class='ocr_line' id='line_1_25' title="bbox 109 1871 1019 1998; baseline 0.002 -74"><span class='ocrx_word' id='word_1_195' title='bbox 109 1889 127 1924; x_wconf 85' lang='lat' dir='ltr'><strong>e</strong></span> <span class='ocrx_word' id='word_1_196' title='bbox 150 1875 205 1928; x_wconf 88' lang='lat' dir='ltr'><strong>suis</strong></span> <span class='ocrx_word' id='word_1_197' title='bbox 227 1884 309 1998; x_wconf 40' lang='lat' dir='ltr'><strong>stane</strong></span> <span class='ocrx_word' id='word_1_198' title='bbox 332 1875 407 1928; x_wconf 89' lang='lat' dir='ltr'><strong>hoste</strong></span> <span class='ocrx_word' id='word_1_199' title='bbox 432 1887 535 1946; x_wconf 82' lang='lat' dir='ltr'><strong>vexate,</strong></span> <span class='ocrx_word' id='word_1_200' title='bbox 561 1893 610 1928; x_wconf 90' lang='lat' dir='ltr'><strong>non</strong></span> <span class='ocrx_word' id='word_1_201' title='bbox 636 1874 781 1928; x_wconf 84' lang='lat' dir='ltr'><strong>suffectura</strong></span> <span class='ocrx_word' id='word_1_202' title='bbox 802 1871 947 1952; x_wconf 69' lang='lat' dir='ltr'><strong>¹elimenta.¹</strong></span> <span class='ocrx_word' id='word_1_203' title='bbox 975 1872 1019 1952; x_wconf 74' lang='lat' dir='ltr'><strong>Ne</strong></span> 
     </span>
    </p>

    <p class='ocr_par' dir='ltr' id='par_1_4' title="bbox 108 1947 1020 2507">
     <span class='ocr_line' id='line_1_26' title="bbox 277 1947 1018 2016; baseline -0.005 -18"><span class='ocrx_word' id='word_1_204' title='bbox 277 1963 319 1998; x_wconf 88' lang='lat' dir='ltr'><strong>em</strong></span> <span class='ocrx_word' id='word_1_205' title='bbox 339 1947 429 2016; x_wconf 84' lang='lat' dir='ltr'><strong>copies</strong></span> <span class='ocrx_word' id='word_1_206' title='bbox 449 1963 524 2016; x_wconf 90' lang='lat' dir='ltr'><strong>posse</strong></span> <span class='ocrx_word' id='word_1_207' title='bbox 544 1955 648 1998; x_wconf 75' lang='lat' dir='ltr'><strong>serrato</strong></span> <span class='ocrx_word' id='word_1_208' title='bbox 669 1961 740 1998; x_wconf 91' lang='lat' dir='ltr'><strong>rnore</strong></span> <span class='ocrx_word' id='word_1_209' title='bbox 753 1959 892 2011; x_wconf 82' lang='lat' dir='ltr'><strong>meyerum,</strong></span> <span class='ocrx_word' id='word_1_210' title='bbox 905 1958 948 2010; x_wconf 84' lang='lat' dir='ltr'><strong>qur</strong></span> <span class='ocrx_word' id='word_1_211' title='bbox 962 1959 1018 1994; x_wconf 87' lang='lat' dir='ltr'><strong>unr-</strong></span> 
     </span>
     <span class='ocr_line' id='line_1_27' title="bbox 110 2011 1019 2083; baseline 0.002 -19"><span class='ocrx_word' id='word_1_212' title='bbox 110 2029 201 2068; x_wconf 84' lang='lat' dir='ltr'><strong>rersas</strong></span> <span class='ocrx_word' id='word_1_213' title='bbox 227 2033 298 2069; x_wconf 86' lang='lat' dir='ltr'><strong>vrres</strong></span> <span class='ocrx_word' id='word_1_214' title='bbox 327 2015 473 2070; x_wconf 83' lang='lat' dir='ltr'><strong>discrimini</strong></span> <span class='ocrx_word' id='word_1_215' title='bbox 506 2015 635 2070; x_wconf 88' lang='lat' dir='ltr'><strong>bellorum</strong></span> <span class='ocrx_word' id='word_1_216' title='bbox 666 2030 772 2083; x_wconf 84' lang='lat' dir='ltr'><strong>semper</strong></span> <span class='ocrx_word' id='word_1_217' title='bbox 796 2011 946 2067; x_wconf 86' lang='lat' dir='ltr'><strong>obtulerint.</strong></span> <span class='ocrx_word' id='word_1_218' title='bbox 984 2012 1019 2066; x_wconf 80' lang='lat' dir='ltr'><strong>Et</strong></span> 
     </span>
     <span class='ocr_line' id='line_1_28' title="bbox 109 2082 1020 2154; baseline 0.003 -18"><span class='ocrx_word' id='word_1_219' title='bbox 109 2082 219 2138; x_wconf 89' lang='lat' dir='ltr'><strong>hercule</strong></span> <span class='ocrx_word' id='word_1_220' title='bbox 238 2085 383 2140; x_wconf 88' lang='lat' dir='ltr'><strong>terribilem</strong></span> <span class='ocrx_word' id='word_1_221' title='bbox 402 2098 481 2138; x_wconf 84' lang='lat' dir='ltr'><strong>antea</strong></span> <span class='ocrx_word' id='word_1_222' title='bbox 502 2103 601 2154; x_wconf 88' lang='lat' dir='ltr'><strong>regern,</strong></span> <span class='ocrx_word' id='word_1_223' title='bbox 615 2095 642 2138; x_wconf 94' lang='lat' dir='ltr'><strong>et</strong></span> <span class='ocrx_word' id='word_1_224' title='bbox 660 2084 781 2138; x_wconf 83' lang='lat' dir='ltr'><strong>absentia</strong></span> <span class='ocrx_word' id='word_1_225' title='bbox 800 2101 849 2153; x_wconf 77' lang='lat' dir='ltr'><strong>sua</strong></span> <span class='ocrx_word' id='word_1_226' title='bbox 868 2083 903 2136; x_wconf 87' lang='lat' dir='ltr'><strong>ad</strong></span> <span class='ocrx_word' id='word_1_227' title='bbox 922 2101 1020 2140; x_wconf 84' lang='lat' dir='ltr'><strong>venem</strong></span> 
     </span>
     <span class='ocr_line' id='line_1_29' title="bbox 108 2152 1019 2225; baseline 0.004 -19"><span class='ocrx_word' id='word_1_228' title='bbox 108 2152 236 2208; x_wconf 83' lang='lat' dir='ltr'><strong>fiduciam</strong></span> <span class='ocrx_word' id='word_1_229' title='bbox 259 2156 367 2223; x_wconf 78' lang='lat' dir='ltr'><strong>elatum,</strong></span> <span class='ocrx_word' id='word_1_230' title='bbox 387 2167 525 2225; x_wconf 85' lang='lat' dir='ltr'><strong>postquem</strong></span> <span class='ocrx_word' id='word_1_231' title='bbox 549 2157 693 2208; x_wconf 78' lang='lat' dir='ltr'><strong>adventare</strong></span> <span class='ocrx_word' id='word_1_232' title='bbox 717 2172 747 2206; x_wconf 92' lang='lat' dir='ltr'><strong>se</strong></span> <span class='ocrx_word' id='word_1_233' title='bbox 770 2155 890 2222; x_wconf 84' lang='lat' dir='ltr'><strong>senserit,</strong></span> <span class='ocrx_word' id='word_1_234' title='bbox 908 2164 1019 2210; x_wconf 78' lang='lat' dir='ltr'><strong>cnutum</strong></span> 
     </span>
     <span class='ocr_line' id='line_1_30' title="bbox 109 2223 1018 2302; baseline 0.004 -28"><span class='ocrx_word' id='word_1_235' title='bbox 109 2238 155 2302; x_wconf 88' lang='lat' dir='ltr'><strong>pro</strong></span> <span class='ocrx_word' id='word_1_236' title='bbox 173 2226 311 2276; x_wconf 78' lang='lat' dir='ltr'><strong>temerario</strong></span> <span class='ocrx_word' id='word_1_237' title='bbox 330 2223 437 2294; x_wconf 80' lang='lat' dir='ltr'><strong>lectum,</strong></span> <span class='ocrx_word' id='word_1_238' title='bbox 457 2225 594 2278; x_wconf 89' lang='lat' dir='ltr'><strong>delituisse</strong></span> <span class='ocrx_word' id='word_1_239' title='bbox 615 2226 681 2278; x_wconf 91' lang='lat' dir='ltr'><strong>inter</strong></span> <span class='ocrx_word' id='word_1_240' title='bbox 700 2224 836 2293; x_wconf 74' lang='lat' dir='ltr'><strong>angustias</strong></span> <span class='ocrx_word' id='word_1_241' title='bbox 856 2223 949 2278; x_wconf 73' lang='lat' dir='ltr'><strong>saltus&#39;</strong></span> <span class='ocrx_word' id='word_1_242' title='bbox 967 2225 1018 2278; x_wconf 88' lang='lat' dir='ltr'><strong>ritu</strong></span> 
     </span>
     <span class='ocr_line' id='line_1_31' title="bbox 108 2291 1018 2365; baseline 0.003 -21"><span class='ocrx_word' id='word_1_243' title='bbox 108 2291 264 2360; x_wconf 76' lang='lat' dir='ltr'><strong>ignobilium</strong></span> <span class='ocrx_word' id='word_1_244' title='bbox 288 2293 411 2361; x_wconf 76' lang='lat' dir='ltr'><strong>serarum,</strong></span> <span class='ocrx_word' id='word_1_245' title='bbox 435 2311 505 2364; x_wconf 84' lang='lat' dir='ltr'><strong>quoe</strong></span> <span class='ocrx_word' id='word_1_246' title='bbox 530 2297 641 2365; x_wconf 87' lang='lat' dir='ltr'><strong>strepitu</strong></span> <span class='ocrx_word' id='word_1_247' title='bbox 669 2294 895 2364; x_wconf 81' lang='lat' dir='ltr'><strong>praetereuntium</strong></span> <span class='ocrx_word' id='word_1_248' title='bbox 919 2294 1018 2365; x_wconf 83' lang='lat' dir='ltr'><strong>audito,</strong></span> 
     </span>
     <span class='ocr_line' id='line_1_32' title="bbox 108 2361 1020 2420; baseline 0.005 -6"><span class='ocrx_word' id='word_1_249' title='bbox 108 2361 235 2416; x_wconf 85' lang='lat' dir='ltr'><strong>silvorum</strong></span> <span class='ocrx_word' id='word_1_250' title='bbox 267 2363 375 2416; x_wconf 82' lang='lat' dir='ltr'><strong>latebris</strong></span> <span class='ocrx_word' id='word_1_251' title='bbox 402 2380 432 2416; x_wconf 89' lang='lat' dir='ltr'><strong>se</strong></span> <span class='ocrx_word' id='word_1_252' title='bbox 461 2365 634 2418; x_wconf 88' lang='lat' dir='ltr'><strong>occuluerint.</strong></span> <span class='ocrx_word' id='word_1_253' title='bbox 669 2367 731 2420; x_wconf 84' lang='lat' dir='ltr'><strong>lam</strong></span> <span class='ocrx_word' id='word_1_254' title='bbox 753 2365 834 2417; x_wconf 87' lang='lat' dir='ltr'><strong>etiem</strong></span> <span class='ocrx_word' id='word_1_255' title='bbox 859 2361 1020 2419; x_wconf 84' lang='lat' dir='ltr'><strong>veletudinis</strong></span> 
     </span>
     <span class='ocr_line' id='line_1_33' title="bbox 108 2431 1020 2507; baseline 0.007 -21"><span class='ocrx_word' id='word_1_256' title='bbox 108 2431 275 2486; x_wconf 80' lang='lat' dir='ltr'><strong>simulatione</strong></span> <span class='ocrx_word' id='word_1_257' title='bbox 294 2431 421 2486; x_wconf 81' lang='lat' dir='ltr'><strong>frustrari⁸</strong></span> <span class='ocrx_word' id='word_1_258' title='bbox 433 2450 495 2486; x_wconf 89' lang='lat' dir='ltr'><strong>suos</strong></span> <span class='ocrx_word' id='word_1_259' title='bbox 514 2434 620 2488; x_wconf 87' lang='lat' dir='ltr'><strong>milites.</strong></span> <span class='ocrx_word' id='word_1_260' title='bbox 657 2435 706 2489; x_wconf 82' lang='lat' dir='ltr'><strong>Sed</strong></span> <span class='ocrx_word' id='word_1_261' title='bbox 728 2451 778 2488; x_wconf 90' lang='lat' dir='ltr'><strong>non</strong></span> <span class='ocrx_word' id='word_1_262' title='bbox 796 2433 911 2507; x_wconf 81' lang='lat' dir='ltr'><strong>amplius</strong></span> <span class='ocrx_word' id='word_1_263' title='bbox 930 2435 1020 2506; x_wconf 84' lang='lat' dir='ltr'><strong>ipsum</strong></span> 
     </span>
    </p>
   </div>
   <div class='ocr_carea' id='block_1_4' title="bbox 107 2533 1019 3309">
    <p class='ocr_par' dir='ltr' id='par_1_5' title="bbox 137 2533 401 2592">
     <span class='ocr_line' id='line_1_34' title="bbox 137 2533 401 2592; baseline 0 -12"><span class='ocrx_word' id='word_1_264' title='bbox 137 2538 144 2561; x_wconf 89' lang='lat'><strong>¹</strong></span> <span class='ocrx_word' id='word_1_265' title='bbox 154 2533 201 2580; x_wconf 88' lang='lat' dir='ltr'><strong>See</strong></span> <span class='ocrx_word' id='word_1_266' title='bbox 213 2533 311 2592; x_wconf 90' lang='lat' dir='ltr'><strong>Zumpt,</strong></span> <span class='ocrx_word' id='word_1_267' title='bbox 324 2534 338 2585; x_wconf 83' lang='lat' dir='ltr'><strong>l</strong></span> <span class='ocrx_word' id='word_1_268' title='bbox 349 2537 401 2583; x_wconf 80' lang='lat'><strong>756.</strong></span> 
     </span>
    </p>

    <p class='ocr_par' dir='ltr' id='par_1_6' title="bbox 135 2593 399 2642">
     <span class='ocr_line' id='line_1_35' title="bbox 135 2593 399 2642; baseline -0.004 -1"><span class='ocrx_word' id='word_1_269' title='bbox 135 2593 208 2641; x_wconf 68' lang='lat' dir='ltr'><strong>*The</strong></span> <span class='ocrx_word' id='word_1_270' title='bbox 220 2608 287 2640; x_wconf 83' lang='lat' dir='ltr'><strong>seme</strong></span> <span class='ocrx_word' id='word_1_271' title='bbox 298 2609 325 2640; x_wconf 87' lang='lat' dir='ltr'><strong>os</strong></span> <span class='ocrx_word' id='word_1_272' title='bbox 335 2611 399 2642; x_wconf 78' lang='lat' dir='ltr'><strong>neoc.</strong></span> 
     </span>
    </p>

    <p class='ocr_par' dir='ltr' id='par_1_7' title="bbox 135 2652 972 2716">
     <span class='ocr_line' id='line_1_36' title="bbox 135 2652 972 2716; baseline 0.01 -18"><span class='ocrx_word' id='word_1_273' title='bbox 135 2652 303 2701; x_wconf 73' lang='lat' dir='ltr'><strong>⁸‘Whutever</strong></span> <span class='ocrx_word' id='word_1_274' title='bbox 314 2653 390 2713; x_wconf 80' lang='lat' dir='ltr'><strong>might</strong></span> <span class='ocrx_word' id='word_1_275' title='bbox 403 2655 432 2701; x_wconf 90' lang='lat' dir='ltr'><strong>be</strong></span> <span class='ocrx_word' id='word_1_276' title='bbox 441 2654 561 2703; x_wconf 91' lang='lat' dir='ltr'><strong>intrusted</strong></span> <span class='ocrx_word' id='word_1_277' title='bbox 573 2665 597 2702; x_wconf 86' lang='lat' dir='ltr'><strong>to</strong></span> <span class='ocrx_word' id='word_1_278' title='bbox 608 2655 691 2704; x_wconf 66' lang='lat' dir='ltr'><strong>them)</strong></span> <span class='ocrx_word' id='word_1_279' title='bbox 724 2656 772 2704; x_wconf 85' lang='lat' dir='ltr'><strong>See</strong></span> <span class='ocrx_word' id='word_1_280' title='bbox 784 2657 882 2716; x_wconf 87' lang='lat' dir='ltr'><strong>Zumpt,</strong></span> <span class='ocrx_word' id='word_1_281' title='bbox 896 2655 972 2707; x_wconf 74' lang='lat' dir='ltr'><strong>lllo.</strong></span> 
     </span>
    </p>

    <p class='ocr_par' dir='ltr' id='par_1_8' title="bbox 107 2711 1019 2894">
     <span class='ocr_line' id='line_1_37' title="bbox 135 2711 1018 2776; baseline 0.006 -15"><span class='ocrx_word' id='word_1_282' title='bbox 135 2718 144 2742; x_wconf 75' lang='lat'><em>⁶</em></span> <span class='ocrx_word' id='word_1_283' title='bbox 155 2712 324 2768; x_wconf 67' lang='lat' dir='ltr'><strong>‘Blemelese’</strong></span> <span class='ocrx_word' id='word_1_284' title='bbox 341 2711 383 2760; x_wconf 83' lang='lat' dir='ltr'><strong>‘ol</strong></span> <span class='ocrx_word' id='word_1_285' title='bbox 395 2713 509 2762; x_wconf 82' lang='lat' dir='ltr'><strong>stainless</strong></span> <span class='ocrx_word' id='word_1_286' title='bbox 520 2715 640 2764; x_wconf 70' lang='lat' dir='ltr'><strong>conduct!</strong></span> <span class='ocrx_word' id='word_1_287' title='bbox 677 2715 708 2764; x_wconf 88' lang='lat' dir='ltr'><strong>Ut</strong></span> <span class='ocrx_word' id='word_1_288' title='bbox 722 2725 784 2764; x_wconf 83' lang='lat' dir='ltr'><strong>erat.-</strong></span> <span class='ocrx_word' id='word_1_289' title='bbox 805 2732 842 2764; x_wconf 90' lang='lat' dir='ltr'><strong>we</strong></span> <span class='ocrx_word' id='word_1_290' title='bbox 853 2715 930 2776; x_wconf 84' lang='lat' dir='ltr'><strong>spesk</strong></span> <span class='ocrx_word' id='word_1_291' title='bbox 940 2716 965 2764; x_wconf 91' lang='lat' dir='ltr'><strong>in</strong></span> <span class='ocrx_word' id='word_1_292' title='bbox 975 2718 1018 2767; x_wconf 89' lang='lat' dir='ltr'><strong>the</strong></span> 
     </span>
     <span class='ocr_line' id='line_1_38' title="bbox 107 2772 1019 2837; baseline 0.004 -16"><span class='ocrx_word' id='word_1_293' title='bbox 107 2788 174 2822; x_wconf 88' lang='lat' dir='ltr'><strong>seme</strong></span> <span class='ocrx_word' id='word_1_294' title='bbox 186 2788 254 2833; x_wconf 80' lang='lat' dir='ltr'><strong>way:</strong></span> <span class='ocrx_word' id='word_1_295' title='bbox 275 2772 437 2821; x_wconf 86' lang='lat' dir='ltr'><strong>‘honoureble</strong></span> <span class='ocrx_word' id='word_1_296' title='bbox 449 2789 475 2822; x_wconf 80' lang='lat' dir='ltr'><strong>es</strong></span> <span class='ocrx_word' id='word_1_297' title='bbox 486 2773 518 2822; x_wconf 90' lang='lat' dir='ltr'><strong>he</strong></span> <span class='ocrx_word' id='word_1_298' title='bbox 528 2790 579 2827; x_wconf 77' lang='lat' dir='ltr'><strong>was</strong></span> <span class='ocrx_word' id='word_1_299' title='bbox 587 2776 604 2831; x_wconf 87' lang='lat'><strong>;’</strong></span> <span class='ocrx_word' id='word_1_300' title='bbox 618 2775 710 2832; x_wconf 86' lang='lat' dir='ltr'><strong>thetis,</strong></span> <span class='ocrx_word' id='word_1_301' title='bbox 723 2776 851 2837; x_wconf 80' lang='lat' dir='ltr'><strong>according</strong></span> <span class='ocrx_word' id='word_1_302' title='bbox 867 2786 892 2823; x_wconf 93' lang='lat' dir='ltr'><strong>to</strong></span> <span class='ocrx_word' id='word_1_303' title='bbox 908 2775 945 2824; x_wconf 89' lang='lat' dir='ltr'><strong>hir</strong></span> <span class='ocrx_word' id='word_1_304' title='bbox 961 2792 1019 2826; x_wconf 88' lang='lat' dir='ltr'><strong>own</strong></span> 
     </span>
     <span class='ocr_line' id='line_1_39' title="bbox 107 2832 984 2894; baseline 0 -14"><span class='ocrx_word' id='word_1_305' title='bbox 107 2832 255 2881; x_wconf 85' lang='lat' dir='ltr'><strong>honoureble</strong></span> <span class='ocrx_word' id='word_1_306' title='bbox 266 2832 376 2894; x_wconf 87' lang='lat' dir='ltr'><strong>leelings.</strong></span> <span class='ocrx_word' id='word_1_307' title='bbox 982 2837 984 2841; x_wconf 83' lang='grc'><strong>“</strong></span> 
     </span>
    </p>

    <p class='ocr_par' dir='ltr' id='par_1_9' title="bbox 108 2892 1018 3253">
     <span class='ocr_line' id='line_1_40' title="bbox 138 2892 1017 2957; baseline 0.006 -18"><span class='ocrx_word' id='word_1_308' title='bbox 138 2892 295 2953; x_wconf 79' lang='lat' dir='ltr'><strong>&#39;Regulsrly,</strong></span> <span class='ocrx_word' id='word_1_309' title='bbox 309 2894 428 2942; x_wconf 77' lang='lat' dir='ltr'><strong>nuntiari.</strong></span> <span class='ocrx_word' id='word_1_310' title='bbox 462 2892 507 2942; x_wconf 89' lang='lat' dir='ltr'><strong>But</strong></span> <span class='ocrx_word' id='word_1_311' title='bbox 520 2909 557 2942; x_wconf 87' lang='lat' dir='ltr'><strong>we</strong></span> <span class='ocrx_word' id='word_1_312' title='bbox 569 2901 613 2942; x_wconf 84' lang='lat' dir='ltr'><strong>ee&#39;rr</strong></span> <span class='ocrx_word' id='word_1_313' title='bbox 624 2895 711 2957; x_wconf 79' lang='lat' dir='ltr'><strong>supply</strong></span> <span class='ocrx_word' id='word_1_314' title='bbox 722 2911 753 2943; x_wconf 84' lang='lat' dir='ltr'><strong>en</strong></span> <span class='ocrx_word' id='word_1_315' title='bbox 764 2895 900 2944; x_wconf 77' lang='lat' dir='ltr'><strong>sementivo</strong></span> <span class='ocrx_word' id='word_1_316' title='bbox 910 2893 940 2944; x_wconf 93' lang='lat' dir='ltr'><strong>of</strong></span> <span class='ocrx_word' id='word_1_317' title='bbox 946 2894 1017 2944; x_wconf 87' lang='lat' dir='ltr'><strong>those</strong></span> 
     </span>
     <span class='ocr_line' id='line_1_41' title="bbox 109 2949 1018 3014; baseline 0.01 -19"><span class='ocrx_word' id='word_1_318' title='bbox 109 2949 165 2997; x_wconf 80' lang='lat' dir='ltr'><strong>who</strong></span> <span class='ocrx_word' id='word_1_319' title='bbox 177 2967 239 2998; x_wconf 84' lang='lat' dir='ltr'><strong>were</strong></span> <span class='ocrx_word' id='word_1_320' title='bbox 251 2963 276 2999; x_wconf 85' lang='lat' dir='ltr'><strong>to</strong></span> <span class='ocrx_word' id='word_1_321' title='bbox 287 2969 381 3013; x_wconf 88' lang='lat' dir='ltr'><strong>convey</strong></span> <span class='ocrx_word' id='word_1_322' title='bbox 392 2953 433 3000; x_wconf 87' lang='lat' dir='ltr'><strong>the</strong></span> <span class='ocrx_word' id='word_1_323' title='bbox 442 2969 561 3014; x_wconf 77' lang='lat' dir='ltr'><strong>message.</strong></span> <span class='ocrx_word' id='word_1_324' title='bbox 589 2960 601 3004; x_wconf 37' lang='lat'><strong>,⁶</strong></span> <span class='ocrx_word' id='word_1_325' title='bbox 610 2954 648 3001; x_wconf 90' lang='lat' dir='ltr'><strong>He</strong></span> <span class='ocrx_word' id='word_1_326' title='bbox 660 2954 818 3003; x_wconf 84' lang='lat' dir='ltr'><strong>commended</strong></span> <span class='ocrx_word' id='word_1_327' title='bbox 829 2953 880 3004; x_wconf 87' lang='lat' dir='ltr'><strong>thet</strong></span> <span class='ocrx_word' id='word_1_328' title='bbox 892 2969 959 3002; x_wconf 90' lang='lat' dir='ltr'><strong>some</strong></span> <span class='ocrx_word' id='word_1_329' title='bbox 971 2971 1018 3004; x_wconf 92' lang='lat' dir='ltr'><strong>one</strong></span> 
     </span>
     <span class='ocr_line' id='line_1_42' title="bbox 108 3007 1018 3082; baseline 0.01 -27"><span class='ocrx_word' id='word_1_330' title='bbox 108 3007 196 3057; x_wconf 81' lang='lat' dir='ltr'><strong>should</strong></span> <span class='ocrx_word' id='word_1_331' title='bbox 207 3009 250 3057; x_wconf 86' lang='lat' dir='ltr'><strong>tell</strong></span> <span class='ocrx_word' id='word_1_332' title='bbox 261 3012 302 3059; x_wconf 90' lang='lat' dir='ltr'><strong>the</strong></span> <span class='ocrx_word' id='word_1_333' title='bbox 315 3013 428 3082; x_wconf 67' lang='lat' dir='ltr'><strong>Greeks)</strong></span> <span class='ocrx_word' id='word_1_334' title='bbox 461 3013 523 3062; x_wconf 89' lang='lat' dir='ltr'><strong>This</strong></span> <span class='ocrx_word' id='word_1_335' title='bbox 534 3013 595 3062; x_wconf 84' lang='lat' dir='ltr'><strong>form</strong></span> <span class='ocrx_word' id='word_1_336' title='bbox 607 3013 634 3062; x_wconf 89' lang='lat' dir='ltr'><strong>os</strong></span> <span class='ocrx_word' id='word_1_337' title='bbox 641 3015 781 3074; x_wconf 84' lang='lat' dir='ltr'><strong>expression</strong></span> <span class='ocrx_word' id='word_1_338' title='bbox 791 3029 876 3062; x_wconf 89' lang='lat' dir='ltr'><strong>occurs</strong></span> <span class='ocrx_word' id='word_1_339' title='bbox 887 3013 912 3064; x_wconf 91' lang='lat' dir='ltr'><strong>in</strong></span> <span class='ocrx_word' id='word_1_340' title='bbox 923 3013 1018 3064; x_wconf 85' lang='lat' dir='ltr'><strong>reverel</strong></span> 
     </span>
     <span class='ocr_line' id='line_1_43' title="bbox 108 3069 1017 3202; baseline 0.007 -26"><span class='ocrx_word' id='word_1_341' title='bbox 108 3069 406 3191; x_wconf 50' lang='lat' dir='ltr'><strong>pallbggslrsprlbllbldlbm</strong></span> <span class='ocrx_word' id='word_1_342' title='bbox 414 3149 440 3181; x_wconf 93' lang='lat' dir='ltr'><strong>or</strong></span> <span class='ocrx_word' id='word_1_343' title='bbox 448 3132 542 3202; x_wconf 81' lang='lat' dir='ltr'><strong>depend</strong></span> <span class='ocrx_word' id='word_1_344' title='bbox 553 3147 626 3192; x_wconf 89' lang='lat' dir='ltr'><strong>upon,</strong></span> <span class='ocrx_word' id='word_1_345' title='bbox 637 3131 700 3201; x_wconf 80' lang='lat' dir='ltr'><strong>some</strong></span> <span class='ocrx_word' id='word_1_346' title='bbox 708 3133 725 3181; x_wconf 75' lang='grc' dir='ltr'><strong>ι’</strong></span> <span class='ocrx_word' id='word_1_347' title='bbox 734 3100 802 3182; x_wconf 75' lang='lat' dir='ltr'><strong>¹forne</strong></span> <span class='ocrx_word' id='word_1_348' title='bbox 813 3133 833 3180; x_wconf 93' lang='lat' dir='ltr'><strong>is</strong></span> <span class='ocrx_word' id='word_1_349' title='bbox 845 3132 885 3181; x_wconf 92' lang='lat' dir='ltr'><strong>the</strong></span> <span class='ocrx_word' id='word_1_350' title='bbox 897 3131 1017 3192; x_wconf 87' lang='lat' dir='ltr'><strong>lreystoue</strong></span> 
     </span>
     <span class='ocr_line' id='line_1_44' title="bbox 108 3186 996 3253; baseline 0.005 -17"><span class='ocrx_word' id='word_1_351' title='bbox 108 3186 137 3236; x_wconf 81' lang='lat' dir='ltr'><strong>of</strong></span> <span class='ocrx_word' id='word_1_352' title='bbox 148 3202 219 3236; x_wconf 82' lang='lat' dir='ltr'><strong>were.</strong></span> <span class='ocrx_word' id='word_1_353' title='bbox 251 3187 459 3253; x_wconf 82' lang='lat' dir='ltr'><strong>Therelorescma</strong></span> <span class='ocrx_word' id='word_1_354' title='bbox 470 3209 491 3240; x_wconf 92' lang='lat' dir='ltr'><strong>rs</strong></span> <span class='ocrx_word' id='word_1_355' title='bbox 501 3209 515 3240; x_wconf 84' lang='lat' dir='ltr'><strong>o</strong></span> <span class='ocrx_word' id='word_1_356' title='bbox 526 3191 607 3240; x_wconf 83' lang='lat' dir='ltr'><strong>cesuel</strong></span> <span class='ocrx_word' id='word_1_357' title='bbox 619 3191 732 3242; x_wconf 82' lang='lat' dir='ltr'><strong>ablstrve.</strong></span> <span class='ocrx_word' id='word_1_358' title='bbox 765 3192 812 3240; x_wconf 82' lang='lat' dir='ltr'><strong>See</strong></span> <span class='ocrx_word' id='word_1_359' title='bbox 826 3193 906 3240; x_wconf 84' lang='lat' dir='ltr'><strong>Grom.</strong></span> <span class='ocrx_word' id='word_1_360' title='bbox 918 3191 932 3244; x_wconf 74' lang='lat' dir='ltr'><strong>l</strong></span> <span class='ocrx_word' id='word_1_361' title='bbox 943 3196 996 3241; x_wconf 84' lang='lat'><strong>291.</strong></span> 
     </span>
    </p>

    <p class='ocr_par' dir='ltr' id='par_1_10' title="bbox 136 3245 1015 3309">
     <span class='ocr_line' id='line_1_45' title="bbox 136 3245 1015 3309; baseline 0.008 -16"><span class='ocrx_word' id='word_1_362' title='bbox 136 3245 263 3295; x_wconf 73' lang='lat' dir='ltr'><strong>&#39;Because</strong></span> <span class='ocrx_word' id='word_1_363' title='bbox 276 3247 416 3298; x_wconf 76' lang='lat' dir='ltr'><strong>Alexander</strong></span> <span class='ocrx_word' id='word_1_364' title='bbox 423 3251 468 3299; x_wconf 86' lang='lat' dir='ltr'><strong>hed</strong></span> <span class='ocrx_word' id='word_1_365' title='bbox 478 3262 518 3299; x_wconf 86' lang='lat' dir='ltr'><strong>not</strong></span> <span class='ocrx_word' id='word_1_366' title='bbox 528 3251 626 3301; x_wconf 87' lang='lat' dir='ltr'><strong>crossed</strong></span> <span class='ocrx_word' id='word_1_367' title='bbox 637 3251 723 3300; x_wconf 86' lang='lat' dir='ltr'><strong>Cilicio</strong></span> <span class='ocrx_word' id='word_1_368' title='bbox 733 3262 758 3300; x_wconf 94' lang='lat' dir='ltr'><strong>to</strong></span> <span class='ocrx_word' id='word_1_369' title='bbox 767 3261 831 3300; x_wconf 87' lang='lat' dir='ltr'><strong>meet</strong></span> <span class='ocrx_word' id='word_1_370' title='bbox 841 3251 882 3299; x_wconf 89' lang='lat' dir='ltr'><strong>the</strong></span> <span class='ocrx_word' id='word_1_371' title='bbox 892 3251 1015 3309; x_wconf 73' lang='lat' dir='ltr'><strong>Perenne,</strong></span> 
     </span>
    </p>
   </div>
   <div class='ocr_carea' id='block_1_5' title="bbox 107 3305 1016 3426">
    <p class='ocr_par' dir='ltr' id='par_1_11' title="bbox 107 3305 1016 3426">
     <span class='ocr_line' id='line_1_46' title="bbox 107 3305 1016 3372; baseline 0.003 -16"><span class='ocrx_word' id='word_1_372' title='bbox 107 3305 151 3356; x_wconf 85' lang='lat' dir='ltr'><strong>bnt</strong></span> <span class='ocrx_word' id='word_1_373' title='bbox 162 3321 213 3355; x_wconf 84' lang='lat' dir='ltr'><strong>wss</strong></span> <span class='ocrx_word' id='word_1_374' title='bbox 225 3306 325 3367; x_wconf 67' lang='lat' dir='ltr'><strong>waiting</strong></span> <span class='ocrx_word' id='word_1_375' title='bbox 334 3307 370 3356; x_wconf 82' lang='lat' dir='ltr'><strong>lor</strong></span> <span class='ocrx_word' id='word_1_376' title='bbox 380 3309 447 3358; x_wconf 86' lang='lat' dir='ltr'><strong>them</strong></span> <span class='ocrx_word' id='word_1_377' title='bbox 459 3312 481 3358; x_wconf 91' lang='lat' dir='ltr'><strong>in</strong></span> <span class='ocrx_word' id='word_1_378' title='bbox 493 3327 507 3359; x_wconf 85' lang='lat' dir='ltr'><strong>s</strong></span> <span class='ocrx_word' id='word_1_379' title='bbox 517 3327 619 3368; x_wconf 80' lang='lat' dir='ltr'><strong>nerrow,</strong></span> <span class='ocrx_word' id='word_1_380' title='bbox 630 3311 814 3372; x_wconf 77' lang='lat' dir='ltr'><strong>mountain-gin</strong></span> <span class='ocrx_word' id='word_1_381' title='bbox 825 3312 902 3370; x_wconf 80' lang='lat' dir='ltr'><strong>ploce,</strong></span> <span class='ocrx_word' id='word_1_382' title='bbox 914 3327 941 3360; x_wconf 87' lang='lat' dir='ltr'><strong>es</strong></span> <span class='ocrx_word' id='word_1_383' title='bbox 953 3309 1016 3359; x_wconf 85' lang='lat' dir='ltr'><strong>Cur-</strong></span> 
     </span>
     <span class='ocr_line' id='line_1_47' title="bbox 107 3365 432 3426; baseline 0.006 -12"><span class='ocrx_word' id='word_1_384' title='bbox 107 3365 157 3414; x_wconf 82' lang='lat' dir='ltr'><strong>tius</strong></span> <span class='ocrx_word' id='word_1_385' title='bbox 169 3366 212 3415; x_wconf 84' lang='lat' dir='ltr'><strong>bes</strong></span> <span class='ocrx_word' id='word_1_386' title='bbox 224 3365 322 3426; x_wconf 76' lang='lat' dir='ltr'><strong>already</strong></span> <span class='ocrx_word' id='word_1_387' title='bbox 333 3367 384 3415; x_wconf 88' lang='lat' dir='ltr'><strong>told</strong></span> <span class='ocrx_word' id='word_1_388' title='bbox 395 3385 432 3416; x_wconf 89' lang='lat' dir='ltr'><strong>us.</strong></span> 
     </span>
    </p>
   </div>
   <div class='ocr_carea' id='block_1_6' title="bbox 108 3423 1018 3606">
    <p class='ocr_par' dir='ltr' id='par_1_12' title="bbox 108 3423 1018 3606">
     <span class='ocr_line' id='line_1_48' title="bbox 135 3423 999 3484; baseline 0.008 -13"><span class='ocrx_word' id='word_1_389' title='bbox 135 3429 145 3454; x_wconf 83' lang='lat'>⁸</span> <span class='ocrx_word' id='word_1_390' title='bbox 157 3423 238 3472; x_wconf 75' lang='lat' dir='ltr'><strong>‘&#39;l&#39;hnt</strong></span> <span class='ocrx_word' id='word_1_391' title='bbox 249 3425 280 3473; x_wconf 89' lang='lat' dir='ltr'><strong>he</strong></span> <span class='ocrx_word' id='word_1_392' title='bbox 292 3425 350 3484; x_wconf 86' lang='lat' dir='ltr'><strong>kept</strong></span> <span class='ocrx_word' id='word_1_393' title='bbox 361 3427 432 3482; x_wconf 81' lang='lat' dir='ltr'><strong>beck,</strong></span> <span class='ocrx_word' id='word_1_394' title='bbox 445 3427 491 3475; x_wconf 86' lang='lat' dir='ltr'><strong>end</strong></span> <span class='ocrx_word' id='word_1_395' title='bbox 503 3427 613 3477; x_wconf 87' lang='lat' dir='ltr'><strong>deleeted</strong></span> <span class='ocrx_word' id='word_1_396' title='bbox 625 3429 665 3478; x_wconf 87' lang='lat' dir='ltr'><strong>the</strong></span> <span class='ocrx_word' id='word_1_397' title='bbox 677 3428 767 3478; x_wconf 83' lang='lat' dir='ltr'><strong>wishes</strong></span> <span class='ocrx_word' id='word_1_398' title='bbox 783 3428 811 3478; x_wconf 84' lang='lat' dir='ltr'><strong>cl</strong></span> <span class='ocrx_word' id='word_1_399' title='bbox 822 3429 860 3478; x_wconf 88' lang='lat' dir='ltr'><strong>his</strong></span> <span class='ocrx_word' id='word_1_400' title='bbox 872 3429 972 3480; x_wconf 86' lang='lat' dir='ltr'><strong>soldiers</strong></span> <span class='ocrx_word' id='word_1_401' title='bbox 983 3429 999 3478; x_wconf 95' lang='lat' dir='ltr'><strong>b</strong></span> 
     </span>
     <span class='ocr_line' id='line_1_49' title="bbox 108 3445 1018 3549; baseline 0.008 -18"><span class='ocrx_word' id='word_1_402' title='bbox 108 3482 149 3532; x_wconf 90' lang='lat' dir='ltr'><strong>the</strong></span> <span class='ocrx_word' id='word_1_403' title='bbox 159 3493 271 3544; x_wconf 87' lang='lat' dir='ltr'><strong>pretence</strong></span> <span class='ocrx_word' id='word_1_404' title='bbox 282 3484 311 3532; x_wconf 87' lang='lat' dir='ltr'><strong>os</strong></span> <span class='ocrx_word' id='word_1_405' title='bbox 322 3484 449 3533; x_wconf 67' lang='lat' dir='ltr'><strong>siclrness)</strong></span> <span class='ocrx_word' id='word_1_406' title='bbox 489 3485 603 3534; x_wconf 80' lang='lat' dir='ltr'><strong>Voletedo</strong></span> <span class='ocrx_word' id='word_1_407' title='bbox 614 3505 697 3537; x_wconf 88' lang='lat' dir='ltr'><strong>nreens</strong></span> <span class='ocrx_word' id='word_1_408' title='bbox 711 3494 789 3538; x_wconf 84' lang='lat' dir='ltr'><strong>‘stete</strong></span> <span class='ocrx_word' id='word_1_409' title='bbox 800 3487 828 3537; x_wconf 91' lang='lat' dir='ltr'><strong>of</strong></span> <span class='ocrx_word' id='word_1_410' title='bbox 839 3488 940 3544; x_wconf 85' lang='lat' dir='ltr'><strong>beelth,&#39;</strong></span> <span class='ocrx_word' id='word_1_411' title='bbox 953 3445 1018 3549; x_wconf 62' lang='lat' dir='ltr'><strong>good</strong></span> 
     </span>
     <span class='ocr_line' id='line_1_50' title="bbox 108 3541 1016 3606; baseline 0.007 -16"><span class='ocrx_word' id='word_1_412' title='bbox 108 3557 136 3592; x_wconf 92' lang='lat' dir='ltr'><strong>or</strong></span> <span class='ocrx_word' id='word_1_413' title='bbox 143 3541 199 3600; x_wconf 85' lang='lat' dir='ltr'><strong>bed,</strong></span> <span class='ocrx_word' id='word_1_414' title='bbox 206 3545 265 3591; x_wconf 72' lang='lat' dir='ltr'><strong>born</strong></span> <span class='ocrx_word' id='word_1_415' title='bbox 271 3559 298 3592; x_wconf 86' lang='lat' dir='ltr'><strong>or</strong></span> <span class='ocrx_word' id='word_1_416' title='bbox 304 3546 375 3600; x_wconf 75' lang='lat' dir='ltr'><strong>mlo,</strong></span> <span class='ocrx_word' id='word_1_417' title='bbox 384 3559 450 3592; x_wconf 85' lang='lat' dir='ltr'><strong>more</strong></span> <span class='ocrx_word' id='word_1_418' title='bbox 457 3541 595 3606; x_wconf 82' lang='lat' dir='ltr'><strong>frequently</strong></span> <span class='ocrx_word' id='word_1_419' title='bbox 602 3547 673 3596; x_wconf 85' lang='lat' dir='ltr'><strong>when</strong></span> <span class='ocrx_word' id='word_1_420' title='bbox 682 3547 700 3595; x_wconf 86' lang='lat' dir='ltr'><strong>it</strong></span> <span class='ocrx_word' id='word_1_421' title='bbox 709 3547 794 3596; x_wconf 81' lang='lat' dir='ltr'><strong>stende</strong></span> <span class='ocrx_word' id='word_1_422' title='bbox 801 3547 879 3604; x_wconf 81' lang='lat' dir='ltr'><strong>elene,</strong></span> <span class='ocrx_word' id='word_1_423' title='bbox 888 3546 929 3595; x_wconf 84' lang='lat' dir='ltr'><strong>the</strong></span> <span class='ocrx_word' id='word_1_424' title='bbox 937 3545 1016 3596; x_wconf 82' lang='lat' dir='ltr'><strong>letter.</strong></span> 
     </span>
    </p>
   </div>
   <div class='ocr_carea' id='block_1_7' title="bbox 0 0 1166 3850">
    <p class='ocr_par' dir='ltr' id='par_1_13' title="bbox 0 0 1166 3850">
     <span class='ocr_line' id='line_1_51' title="bbox 0 0 1166 3850; baseline 0 0"><span class='ocrx_word' id='word_1_425' title='bbox 0 0 1166 3850; x_wconf 95' lang='lat' dir='ltr'><strong> </strong></span> 
     </span>
    </p>
   </div>
  </div>
 </body>
</html>
