2306 3852
476 257 569 300 arasa
588 257 616 300 v.
946 243 1001 302 luo

87 377 176 423 strare
186 365 270 422 Darei
287 365 442 421 vehiculum
459 376 564 438 posset:
590 367 695 438 singuli,
712 375 742 422 ut
764 383 871 442 quaque
888 370 1000 440 prende·

87 447 151 508 rent,
171 436 376 506 ecmtabantur,¹
393 453 443 490 nec
460 445 551 491 tamen
569 437 655 491 ullum
672 437 815 506 vestigium
832 439 914 510 fugae
932 442 1001 510 regis

87 507 203 564 extabat.
241 507 424 562 Festinantem
447 507 630 562 Alexandrum
651 507 695 560 vix
719 507 768 560 tria
785 509 861 562 milia
879 512 1001 590 equitum

87 586 228 704 &macuta
246 586 315 630 sunt.
351 579 386 631 At
405 577 431 631 in
449 593 503 647 eos,
516 578 562 647 qui
580 575 676 630 lentius
694 578 880 649 sequebantur,
899 578 1000 634 lucide·

123 657 151 702 nt
183 647 309 702 universa
338 645 498 716 fugientium
525 645 643 715 agmina.
679 646 731 700 Vix
758 647 887 702 credibile
916 651 999 720 dictu,

87 718 178 789 plures
195 717 302 787 captivi,
315 733 398 786 quam
414 716 461 786 qui
478 725 604 786 caperent
621 724 712 768 erant:
731 715 799 770 adeo
815 735 923 773 omnem
941 738 1000 774 san·

88 805 147 842 aum
167 788 264 841 territis
275 785 380 840 fortuna
391 786 500 856 penitus
507 795 668 854 excusserat,
679 794 708 838 ut
720 803 770 840 uec
782 787 898 846 boatium
910 789 1000 859 pauci.

88 866 179 928 tatem,
192 874 243 910 nec
255 855 456 910 multitudinem
467 872 544 910 suem
556 856 622 908 satis
633 863 781 910 cernerent.

122 931 165 981 38.
184 927 294 980 Interim
317 925 446 996 jumenta,
467 941 537 995 quae
561 925 679 980 Dareum
701 924 844 996 vehebant,
867 927 940 981 nullo
960 945 999 984 re·

87 1005 168 1067 gente
180 998 352 1050 decesserant
366 995 475 1049 militari
487 995 539 1065 ria,
551 1004 578 1048 et
593 1011 683 1050 errore
702 993 792 1050 delata
810 1013 858 1067 per
876 1007 1000 1066 quattuor

88 1067 195 1136 stadia,¹
211 1068 237 1120 in
264 1065 382 1136 quadam
401 1065 475 1118 salle
488 1068 676 1135 consulerent,
694 1072 773 1120 aestu
791 1066 924 1137 simulque
942 1067 1000 1121 vul·

87 1137 196 1191 neribus
207 1136 327 1204 fatigata.
363 1135 440 1189 Haud
453 1134 543 1204 procul
562 1143 618 1188 erat
635 1135 702 1204 funs,
715 1135 750 1188 ad
770 1151 853 1206 quem
872 1146 999 1191 monstra·

88 1216 144 1262 tum
163 1223 180 1260 a
199 1206 306 1277 peritis*
321 1205 484 1276 Polystratus
504 1205 620 1258 Macedo
639 1205 683 1259 siti
702 1215 854 1260 maceratus
870 1207 998 1262 accessit:

87 1293 120 1332 ac
137 1277 201 1330 dum
220 1276 298 1346 galea
316 1275 438 1329 haustam
455 1289 555 1345 aquarn
573 1275 668 1344 sorbet,
689 1275 741 1329 tela
757 1276 936 1347 jumentorum
954 1276 999 1330 do·

86 1347 234 1402 ficientium
253 1347 406 1416 corporibus
417 1345 499 1400 infixa
515 1345 663 1416 conspexit.
699 1345 866 1418 Miratusque
878 1346 1000 1401 confossa

87 1417 267 1490 potiusquam
279 1415 375 1470 abacta
387 1433 447 1469 esse
460 1415 582 1469 semiviri
618 1417 635 1452 ‘l
671 1417 691 1452 *
725 1417 754 1453 *⁴
813 1425 815 1430 ’

87 1536 208 1611 [hominis
219 1547 340 1612 gemitum
352 1546 463 1609 percipit
497 1545 581 1610 ltaque
591 1563 661 1596 more
671 1545 766 1612 ingenii
778 1545 880 1596 humaui
897 1547 999 1610 cupidus

86 1613 187 1671 visendi,
198 1614 257 1676 quid
273 1613 309 1661 rei
319 1613 433 1661 vehiculo
449 1612 496 1662 isto
512 1614 661 1672 conderetur,
673 1614 771 1663 dimotis
789 1613 900 1676 pellibus,
911 1613 999 1676 quibus

85 1680 210 1728 obtectum
217 1684 278 1739 erat,
283 1679 392 1728 Dareum
400 1677 627 1729 multisrulueribus
633 1679 771 1728 conbanem
778 1680 891 1742 repperit
904 1679 999 1744 Regius

85 1745 151 1794 euim
164 1745 285 1804 cultus‚at
293 1760 381 1794 aureae
394 1744 725 1808 catenae‚quiaaparricidis
732 1745 828 1794 unctus
836 1745 998 1804 fuerandubi·

84 1810 203 1860 tationem
211 1811 358 1860 eximebant.
381 1809 437 1860 Non
446 1816 499 1859 erat
505 1825 591 1873 expers
597 1809 687 1859 Graeci
696 1811 818 1860 sermonis
825 1811 933 1869 Dareum
944 1827 998 1876 gra·

85 1877 182 1940 tiaeque
191 1877 285 1941 egebat
295 1876 351 1936 diis,
362 1875 404 1938 qui
416 1882 470 1940 post
480 1881 549 1924 tauta
559 1877 633 1935 mala,
645 1882 742 1939 tamque
753 1877 846 1940 grevia,
857 1877 903 1926 hoc
914 1887 998 1926 temen

85 1941 246 1992 indulsissent
256 1942 344 2001 solatii,
356 1957 387 1991 ue
399 1942 481 1991 omino
492 1941 520 1990 in
537 1941 666 1990 solitudine
682 1947 819 1991 extremum
837 1942 948 2006 spiritum
965 1943 998 1992 es-

85 2008 207 2058 t'uuderet.
236 2008 322 2071 Itaque
333 2014 364 2067 te,
376 2008 462 2071 iuquit,
473 2007 581 2071 quisquis
593 2022 619 2056 es
630 2007 777 2067 mortalium,
788 2023 831 2070 per
842 2023 997 2058 communem

85 2073 215 2124 hominum
227 2080 325 2133 sortem,
332 2089 402 2137 aqua
410 2089 455 2122 uec
463 2072 583 2122 maximos
590 2089 677 2139 regum
684 2079 807 2138 exemptos
814 2089 867 2122 esse
875 2075 997 2136 praesenti

84 2140 226 2202 spectaculo
237 2140 352 2199 muneris,
364 2154 391 2188 ro
409 2156 424 2187 o
435 2152 578 2204 quaesoque,
589 2146 617 2190 ut
627 2140 690 2188 haec
701 2139 733 2188 ad
744 2139 911 2188 Alexandrum
929 2153 998 2189 man·

84 2207 143 2255 data
155 2221 214 2254 mea
225 2205 349 2268 perferas:
366 2155 429 2253 niis}
441 2220 607 2268 eorumquae
621 2205 693 2282 longe
711 2205 852 2254 uiatimima
869 2219 998 2270 perpessus

84 2288 147 2332 mm,
155 2287 187 2320 uo
195 2272 262 2320 huuc
270 2270 369 2334 quidem
378 2270 580 2332 incomparabilis
586 2271 736 2321 calamitatis
744 2269 845 2333 exitum,
852 2272 887 2322 ita
896 2287 997 2336 gravem

84 2338 147 2386 milri
160 2337 290 2397 accidisse,
297 2341 326 2386 ut
333 2338 379 2386 hoc
387 2351 472 2395 mum,
478 2337 540 2399 quod
549 2343 604 2400 post
614 2344 683 2387 muta
692 2338 718 2386 in
730 2353 770 2386 me
782 2354 897 2402 meosque
908 2340 997 2389 merita

85 2403 203 2452 adversus
221 2402 566 2454 clementissimumviccorem
578 2403 681 2454 inimico
691 2403 820 2454 urendum
833 2405 886 2466 uir,
894 2411 920 2454 et
929 2422 996 2456 nuuc

84 2469 186 2534 ingrato
192 2469 346 2518 moriendum
354 2475 399 2518 eat.
427 2467 475 2517 Sed
484 2469 506 2518 si
514 2485 562 2531 qua
570 2470 699 2532 postremis
710 2470 855 2521 miserorum
863 2472 924 2521 votis
931 2465 1000 2536 apud¹

83 2536 144 2584 deos
154 2535 193 2584 vis
205 2543 249 2594 est,
260 2541 285 2584 et
296 2550 352 2584 cum
364 2534 419 2597 ipsc
430 2535 516 2598 spiritu
527 2537 636 2598 profluas
648 2549 734 2599 preces
745 2537 829 2587 mitius
843 2538 941 2601 aliquod
952 2555 995 2588 nu-

84 2616 143 2650 men
154 2602 268 2660 emudit;
285 2600 326 2650 ille
337 2601 436 2664 quidem
445 2617 528 2663 sospes
538 2607 564 2650 et
575 2601 713 2663 incolumis,
724 2602 843 2669 longeque
855 2617 928 2666 supra
939 2621 995 2654 cou-

82 2667 182 2732 tagium
193 2683 264 2716 meae
276 2667 348 2716 sortis
357 2673 382 2716 et
392 2667 511 2716 iuvidiam
519 2667 630 2717 &munuc
642 2669 744 2732 positus,
754 2670 781 2718 in
798 2668 859 2718 solio
874 2669 933 2733 Cyri
944 2670 995 2733 glo·

83 2734 177 2782 mosam
190 2738 296 2782 aetatem
307 2733 405 2798 exigat:
417 2747 522 2796 meqrse
532 2734 632 2787 virtutis
639 2748 741 2795 memor,
750 2750 806 2784 eum
818 2734 892 2782 matri
903 2735 995 2784 liberis·

81 2814 130 2861 que
146 2797 212 2848 meis
229 2799 311 2848 locum
328 2799 392 2864 apud
409 2813 436 2847 se
447 2814 501 2847 esse
518 2801 634 2863 patiatur,
647 2817 719 2865 quem
736 2801 772 2849 illi
789 2799 836 2847 fide
847 2806 873 2847 et
883 2801 996 2862 obsequio

113 2917 281 2988 ¹“Alllterery
291 2934 336 2967 one
347 2917 384 2968 sor
393 2918 512 2977 himself),
523 2921 654 2970 whenever
661 2921 721 2980 they
728 2918 809 2968 seiaed
818 2934 832 2966 a
840 2920 940 2976 charior,
950 2937 993 2972 ex·

81 2978 180 3027 ammed
189 2989 207 3026 rt
217 2977 349 3039 emfutly!
377 2977 433 3028 The
442 2981 595 3041 subjunctive
602 2983 745 3049 preadaran
754 2981 922 3033 (acontmcted
933 2981 994 3031 form

81 3035 214 3168 so{i’rlster
221 3044 473 3171 thoyllailxiiraerirlgied
479 3037 844 3171 ἵιξῑθὲῑῑθῐῖἒοῐὲἓὲῑοτὸῐὲῗιξιιῗω
851 3039 906 3147 ii”l
917 3045 995 3149 ⁵E6r9r'or·

79 3157 324 3265 fflfflndffi'offi
333 3175 412 3266 Zrsrffi
424 3159 642 3266 prlssagquortar,
655 3157 728 3204 when
743 3154 777 3204 be
791 3172 812 3206 rs
828 3158 920 3208 carried
936 3161 994 3221 bya

109 3274 225 3336 'Supply
235 3278 343 3333 locorum
359 3277 444 3324 ‘those
455 3273 598 3334 acquainted
608 3273 719 3344 witbthe
730 3275 841 3330 district!

109 3333 185 3383 ‘The
196 3335 244 3384 end
254 3334 283 3383 of
294 3335 335 3384 the
347 3334 413 3384 Filth
426 3333 495 3383 Book
506 3333 554 3382 and
563 3335 605 3382 tlre
621 3335 753 3397 beginning
768 3334 796 3384 oi
807 3336 849 3385 the
866 3335 937 3385 Sixtlr
952 3351 992 3386 ara

79 3391 137 3442 icat.
171 3393 332 3452 Freinshcim,
345 3411 360 3442 a
370 3393 465 3443 scholar
475 3391 503 3441 of
514 3393 556 3442 tbe
566 3393 726 3462 serenteenth
737 3405 846 3456 century,
859 3396 993 3454 attempted

77 3453 207 3576 livbbiply
217 3454 260 3504 the
271 3453 404 3514 deiicieucy
414 3451 475 3502 irom
491 3451 561 3502 other
570 3452 699 3502 historiam
709 3453 734 3502 in
744 3453 786 3503 tha
801 3469 901 3503 manum
916 3455 992 3506 above
