2322 3850
122 221 161 278 et
386 233 425 272 nn
448 231 555 274 enarre
577 231 762 272 scuranum.

121 345 219 400 deinde
239 341 356 395 suffosus
378 343 437 409 est‚¹
454 351 481 394 et
505 349 590 394 totum
614 338 803 408 propemodum
825 355 920 419 cerpus
938 340 1027 394 ritulis

121 415 192 468 calor
203 411 297 481 liquit.⁹
332 411 467 480 Expiranti
479 409 595 462 similem
607 409 718 462 ministri
730 425 809 462 manu
823 410 963 478 excipiunt,
973 427 1026 464 nec

122 485 186 537 satis
209 488 359 549 compotem
382 479 480 532 mentis
497 479 525 532 in
544 477 743 530 tabernaculum
761 478 892 532 deterunt.
927 480 1027 548 Ingens

121 550 268 607 sollicitudo
277 559 304 603 et
316 565 400 618 poene
411 547 466 617 jam
479 548 609 600 luctus⁵in
618 547 783 600 castriserat.
813 546 920 602 Flentes
931 566 1025 618 quera-

122 625 222 689 bantur,
235 621 261 672 in
273 628 344 672 tanto
356 619 458 687 impetu
469 634 600 685 cursuque
613 619 710 668 rerum⁴
721 617 808 670 omnis
818 620 915 672 aetatis
924 636 957 672 oc
968 635 1026 674 me-

122 692 220 744 moriae
237 689 414 742 clarissimum
428 704 518 755 regem
530 705 581 740 nou
593 687 619 738 in
631 685 689 736 acie
701 685 816 754 saltem‚⁵
828 704 877 740 nou
895 688 930 741 ab
948 687 1026 742 hoste

120 760 263 829 dejectum,
282 757 327 811 sed
345 757 499 810 abluentem
518 773 588 824 aqua
606 771 701 823 corpus
721 764 841 824 creptum
859 773 918 810 esse
935 767 962 810 et
978 775 1025 810 ex·

121 832 240 882 tinctum.
267 827 366 881 Instare
376 828 499 894 Dareum,
510 827 637 878 victorem
645 832 789 893 antequam
798 824 901 878 vidissit
909 825 1025 880 hostem.

120 899 173 952 Sibi
192 897 300 952 easdem
319 906 409 965 terras,
428 912 494 964 quas
511 894 629 948 victoria⁸
646 903 836 963 peragrassent,
850 895 1023 964 repetendas:

119 970 207 1021 omnia
219 977 264 1020 aut
277 969 347 1034 ipsos
358 973 404 1018 ant
421 964 511 1017 hostes
527 964 679 1033 populatos:
698 981 745 1032 per
756 971 845 1016 vastes
862 965 1024 1034 solitudines,

120 1037 225 1091 etiamsi
237 1051 315 1088 nemo
327 1034 431 1104 insequi
440 1033 511 1102 velit,
522 1042 623 1102 euntes,
633 1033 704 1086 lame
711 1042 794 1102 atque
802 1032 888 1102 inopia
896 1031 1024 1090 debellari

119 1124 204 1176 posse.
241 1106 327 1164 Quem
341 1105 446 1171 signum
458 1102 583 1158 daturum
600 1101 782 1170 fugientibus?
800 1119 881 1170 quem
897 1119 1025 1158 ausurum

119 1176 271 1230 Alexandro
283 1172 446 1226 succederet
481 1173 542 1226 Jam
554 1181 583 1225 ut
595 1172 630 1224 ad
642 1171 843 1240 Hellespontum
861 1170 925 1239 suga
943 1189 1024 1242 peue-

119 1241 900 1313 trarenr,classem‚quatrauseant,quampraopareturuml
925 1242 1026 1300 Rursus

119 1317 144 1367 in
164 1317 252 1383 ipsum
271 1327 361 1380 regem
378 1311 556 1364 misericordia
576 1327 659 1380 verae,
678 1309 763 1364 illum⁷
780 1309 873 1364 florem
888 1309 1023 1382 juventae,

118 1385 192 1436 illam
208 1385 264 1434 vim
281 1380 372 1449 animi,
386 1379 503 1432 eundem
521 1396 612 1447 regem
629 1388 657 1432 et
675 1379 891 1449 commilitonem,
903 1379 995 1435 direlli
1007 1399 1024 1434 a

118 1469 147 1506 se
160 1463 186 1504 et
198 1450 320 1518 abrumpi
332 1449 503 1503 immemores
514 1449 554 1502 sui
566 1449 754 1518 querebantur.

155 1526 192 1574 ta.
211 1521 281 1572 Inter
299 1519 367 1572 haee
384 1517 493 1571 liberius
512 1535 601 1570 mesre
617 1518 723 1587 spiritus
735 1527 866 1587 coeperat,
879 1517 1024 1574 allambet-

117 1609 168 1660 que
193 1607 238 1642 rex
255 1588 352 1656 oculos,
371 1596 399 1640 et
414 1585 543 1656 paularim
560 1587 688 1642 redeunte
710 1587 800 1640 animo
822 1588 1026 1644 circumstantes

116 1660 219 1712 amicos
236 1666 386 1726 agnoverat,
405 1657 547 1725 laxataque
566 1657 607 1708 ris
623 1655 760 1712 morbi-oh
779 1656 829 1711 hoc
846 1656 931 1710 solum
949 1657 1024 1712 ride·

118 1730 200 1796 batur,
225 1728 289 1796 quia
311 1725 523 1794 magnitudinem
546 1725 611 1778 mali
634 1725 775 1780 sentiebat.
818 1726 909 1778 Animi
930 1737 1024 1782 autem

116 1799 252 1864 aegritudo
282 1813 376 1865 corpus
403 1795 521 1864 urgebat,
545 1794 643 1864 quippe
666 1794 793 1848 Dareum⁸
815 1795 906 1863 quinto
928 1795 973 1848 die
996 1797 1024 1850 iu
1070 1807 1071 1812 ’

117 1868 208 1920 Cilicia
226 1866 281 1918 sore
298 1863 473 1920 nuntiabatur.
510 1864 636 1918 Vinctum
653 1879 715 1931 ergo
733 1877 763 1916 se
781 1863 856 1934 tradi,
875 1871 903 1917 et
921 1871 1023 1920 tautam

116 1937 252 1990 victoriam
263 1935 330 2005 eripi
341 1936 393 1990 sibi
405 1951 439 1988 ex
451 1934 582 2002 munibus,
596 1934 760 2002 obsoniaque
772 1941 800 1985 et
817 1933 926 2002 ignobili
937 1944 1023 1990 morte

116 2007 141 2059 in
154 2006 322 2059 tabernaculo
334 2004 452 2072 extingui
471 2020 507 2072 se,
521 2003 690 2073 querebatur.
726 2001 911 2071 Admissisque
928 2004 1024 2060 amicis

115 2078 212 2145 pariter
229 2093 261 2128 ac
280 2074 399 2142 medicis,
418 2073 448 2126 ln
465 2089 517 2140 quo
536 2089 588 2141 me,
602 2072 694 2142 inquit,
706 2070 825 2124 articulo⁹
842 2087 931 2126 rerum
948 2091 1023 2128 mea·

117 2163 174 2197 rum
198 2145 301 2197 fortuna
328 2141 539 2212 deprehenderit,
564 2142 680 2194 cernitis.
716 2139 859 2209 Strepitum
887 2140 1023 2198 hostilium

115 2301 143 2348 os
157 2299 262 2352 ‘blood,'
280 2297 326 2345 und
339 2297 486 2356 ‘blushing’
499 2297 579 2344 which
595 2311 675 2344 seems
693 2304 718 2343 to
731 2311 793 2357 pour
807 2297 878 2356 iteds
888 2297 965 2346 under
979 2299 1023 2348 the

115 2360 178 2408 skin.
209 2358 232 2405 lt
243 2358 264 2404 is
276 2357 332 2404 here
343 2357 403 2404 used
415 2355 442 2403 os
453 2355 572 2414 paleness.

143 2417 287 2477 strepuere,
298 2415 333 2463 scr
344 2417 487 2475 relinquam
500 2431 514 2462 s
525 2413 627 2474 poetical
636 2414 711 2462 word.
738 2414 773 2462 At
782 2413 844 2462 least
853 2413 871 2462 it
880 2413 901 2462 is
910 2425 951 2464 not
959 2419 1022 2466 used

115 2480 139 2526 in
150 2477 260 2535 ordinary
272 2489 349 2534 prose.

143 2535 346 2582 ³‘Lamentation
356 2533 392 2580 sor
403 2532 453 2580 him
464 2549 490 2580 es
501 2531 581 2580 dead!

143 2594 261 2680 ‘lmpfrur
273 2593 318 2662 isa
329 2591 418 2640 violent
430 2593 528 2673 mption.
560 2591 609 2640 We
625 2589 702 2650 epealr
713 2591 737 2638 in
747 2591 789 2640 the
801 2607 868 2640 sume
880 2607 980 2642 manner
989 2593 1018 2642 ol

114 2651 659 2822 {vlllllswopdldllddeohldhhrdhmlebhecsolhtion
670 2709 691 2757 il
702 2709 733 2758 he
744 2710 791 2758 had
803 2720 826 2758 at
838 2710 900 2759 least
910 2709 985 2760 fallen
995 2713 1020 2762 in

132 2785 197 2821 atre.

142 2832 248 2880 “With
259 2829 371 2890 victory,’
385 2843 412 2876 or
424 2827 611 2887 ‘victoriously’
644 2827 691 2876 See
708 2827 806 2897 Zumpt,
824 2827 900 2879 §473⁸
932 2829 962 2876 In
977 2829 1019 2878 the

115 2907 181 2939 same
198 2907 260 2952 way,
275 2891 341 2952 fugo
353 2896 484 2952 penetrare.
502 2887 571 2956 ,Tne
587 2887 658 2934 usual
672 2902 814 2946 expression
829 2888 850 2936 is
866 2890 973 2944 obtura,
990 2905 1019 2938 ns

115 2966 267 3007 conquerors,
281 2952 407 3011 fugientes,
420 2961 446 2995 ns
457 2947 579 3008 lngrtrves.

143 3009 208 3055 “We
219 3000 295 3066 spealr
305 3009 333 3056 ot
340 3007 478 3056 thietlower
488 3006 516 3054 ol
527 3005 612 3065 youth,
624 3007 671 3052 tlre'r
682 3019 772 3066 energy
782 3005 810 3053 ot
822 3005 895 3054 mind.
928 3005 976 3054 Bur
994 3007 1018 3055 in

115 3068 155 3114 the
166 3067 236 3114 Latin
244 3070 320 3122 illum,
329 3068 370 3116 the
375 3069 422 3129 flos
427 3069 543 3135 juventae
551 3065 572 3112 is
580 3063 674 3112 viewed
683 3080 709 3112 as
718 3064 815 3124 already
823 3064 945 3124 departed.
971 3067 1017 3114 See

116 3127 212 3185 Zumpt,
226 3125 239 3175 b
250 3129 300 3174 701.
328 3125 465 3186 Regardrng
476 3126 517 3173 the
528 3124 614 3183 phrase
626 3127 728 3172 eundum
738 3141 821 3187 regem,
833 3124 891 3181 hc..
901 3125 961 3186 king
970 3126 1018 3174 and

115 3185 224 3234 comrade
236 3183 260 3230 in
271 3197 316 3229 one
344 3199 422 3240 erson,
435 3201 476 3233 see
488 3185 586 3242 Zumpt,
600 3183 675 3233 §692

142 3251 150 3274 ⁸
160 3245 183 3292 It
195 3242 279 3302 might,
289 3199 342 3288 and
346 3242 431 3290 indeed
443 3244 569 3303 according
577 3253 601 3290 to
610 3243 705 3303 regular
712 3242 816 3302 practice
825 3243 910 3304 ought,
920 3253 946 3291 to
954 3243 1017 3292 hove

114 3306 174 3351 been
190 3303 298 3356 Dureau
316 3302 359 3347 but
370 3316 411 3348 see
424 3301 521 3362 Zumpt,
535 3303 611 3357 tout,
625 3311 688 3349 note.
992 3339 994 3345 .

142 3363 292 3416 'Articulum
311 3374 325 3406 u
341 3359 481 3407 diminutive
498 3362 559 3408 from
574 3370 642 3408 ortae
660 3368 682 3415 (a
694 3361 788 3421 plurale
803 3369 904 3417 tuarum,
924 3361 1015 3416 limbs),

115 3435 197 3468 means
213 3419 266 3467 first
277 3434 291 3465 a
301 3417 369 3472 limb,
382 3417 439 3464 then
457 3433 470 3465 a
487 3435 513 3466 se
531 3420 611 3466 sratsd
627 3417 764 3477 portion-os
776 3419 929 3480 anything,e
945 3421 1016 3468 small

114 3480 207 3538 portion
214 3477 243 3527 os
248 3477 314 3536 time,
324 3477 348 3525 in
355 3475 483 3536 particular
491 3435 615 3526 aderisivc
622 3493 648 3525 or
655 3476 745 3526 critical
754 3489 870 3533 moment,
879 3488 1017 3528 mentum

113 3540 229 3600 repperio.
