2278 3846
129 189 186 246 lod
389 201 429 242 nr
453 201 561 242 essars
583 201 769 242 scsxsnnsr.

126 312 273 382 credidere,
293 309 380 379 llelns,
401 308 479 380 cujus
499 310 571 379 regia
591 309 746 364 ostenditur.
783 310 880 365 Murus
899 311 1038 368 instructus

127 382 252 436 laterculo
275 379 363 433 coctili
393 379 523 434 bitumine
547 379 686 450 interlitus,
707 382 822 449 epatium
840 381 913 436 XXX
932 392 960 436 et
980 383 1037 436 duo·

128 469 185 506 rum
203 451 304 521 pedum
322 449 348 502 in
365 417 533 504 latitudinem
551 449 736 519 amplectitur:
761 451 906 519 quadrigae
925 453 995 506 inter
1012 469 1038 506 se

126 529 295 574 occurrentes
325 519 381 571 sine
413 519 529 590 periculo
559 536 711 572 commeare
745 517 878 573 dicuntur.
923 523 1039 575 Altitudo

127 591 196 644 muri
208 590 229 644 L
241 589 506 644 cubitorumeminet
524 590 623 658 spatio:
644 597 728 642 turres
745 589 823 642 denis
835 590 951 658 pedibus
963 609 1039 660 quam

127 676 220 714 murus
230 659 338 712 altiores
355 666 426 712 sunt.
462 659 555 712 Totius
566 659 652 728 operis
669 659 787 712 ambitus
804 659 942 713 CCCLXV
960 661 1041 714 stadia

127 728 327 798 complectitur:
363 727 526 796 singulorum
561 727 704 782 stadiorum
742 739 902 782 structuram
933 731 1043 799 singulis

127 798 225 852 diebus
247 798 393 870 perlectam
418 813 479 850 esse
501 799 647 850 memoriae
671 799 801 866 pmditum
823 810 873 850 est.
911 801 1045 854 Aedificia

127 883 179 922 non
193 877 253 922 sunt
264 867 373 921 admota
383 868 473 935 muris,
487 867 534 920 sed
547 867 604 920 sere
616 867 732 936 spatium
743 866 828 937 jugeri
840 870 922 922 unius
939 870 1044 922 absunt.

127 940 169 992 Ao
181 956 214 991 ne
226 948 308 992 totam
327 935 435 1006 quidem
454 935 549 992 urbem
567 937 645 990 tectis
661 947 872 1006 occupaverunt:
892 956 941 1008 per
955 940 1046 992 LXXX

128 1009 214 1061 stadia
226 1007 367 1074 habitatur,
381 1023 431 1059 neo
448 1007 538 1059 omnia
554 1007 678 1059 continua
697 1014 763 1076 sunt,
777 1007 864 1076 oredo,
877 1009 944 1076 quia
964 1009 1046 1062 tutius

127 1078 215 1132 vuum
227 1086 267 1132 est
278 1076 398 1148 pluribus
408 1075 474 1129 locis
491 1077 587 1145 spargi.
621 1076 716 1129 Cetera
735 1085 824 1130 serunt
841 1077 997 1147 coluntque,
1010 1088 1044 1148 ut,

129 1149 152 1200 si
170 1159 279 1202 externa
296 1147 336 1199 ris
353 1147 463 1215 ingruat,
476 1146 593 1198 obsessis
609 1145 738 1198 elimenta
751 1163 784 1198 ex
797 1147 882 1216 ipsius
900 1147 976 1201 urbis
993 1149 1047 1201 solo

130 1217 368 1270 subministrentur.
416 1215 566 1284 Euphrates
599 1215 733 1284 interfluit,
765 1233 933 1285 magnaeque
966 1218 1047 1271 molis

130 1285 319 1356 crepidinibus¹
343 1294 487 1337 coercetur.
532 1284 583 1338 Sed
606 1286 727 1338 omnium
749 1301 859 1354 operum
883 1287 1045 1356 magnitudi-

131 1373 194 1410 nem
212 1355 422 1408 circumveniunt
440 1369 571 1407 cavernae
590 1354 719 1422 ingentes,
740 1354 765 1406 in
784 1355 956 1409 altitudinem
973 1375 1046 1426 pres·

131 1442 178 1478 sae
197 1425 231 1476 ad
250 1423 434 1494 accipiendum
456 1422 586 1492 impetum
602 1424 739 1492 fluminis,²
758 1423 828 1492 quod
844 1424 889 1477 ubi
906 1428 1045 1495 oppositae

131 1494 275 1562 crepidinis
292 1493 429 1561 fastigium
446 1493 571 1560 excessit,
590 1493 663 1546 urbis
680 1501 750 1546 tecta
766 1493 914 1563 corriperet,
936 1496 988 1548 niei
1005 1515 1046 1549 es·

133 1571 192 1616 sent
205 1579 300 1632 specus
311 1562 439 1631 lacusque
457 1562 502 1630 qui
511 1561 672 1632 exciperent.
709 1563 802 1619 Coctili
812 1562 940 1616 laterculo
952 1566 1046 1620 structi

133 1641 208 1686 sunt:
241 1639 325 1685 totum
347 1647 415 1701 opus
436 1601 569 1686 hitumine
592 1632 772 1700 adstringitur.
821 1633 890 1686 Pons
913 1633 1044 1704 lapideus,

134 1702 236 1756 flumini
260 1701 406 1781 impositus,
424 1700 508 1771 jungit
532 1701 634 1754 urbem.
682 1701 733 1754 Hic
752 1718 858 1772 quoque
878 1703 946 1755 inter
968 1705 1046 1758 mira-
1086 1765 1088 1768 ,

133 1771 198 1825 bilia
210 1771 323 1825 Orientrs
334 1787 414 1841 opera
426 1779 581 1824 numeratus
599 1779 654 1824 eat:
673 1772 772 1840 quippe
791 1771 942 1840 Euphrates
961 1774 1046 1827 altum

133 1841 228 1894 limum
250 1840 322 1894 vehit
350 1857 403 1910 quo
426 1841 532 1921 penitus
551 1841 585 1893 ad
606 1840 778 1894 fundamenta
801 1841 924 1910 jacienda
946 1852 1045 1914 egesto,

134 1912 181 1965 vix
193 1881 349 1966 sufficiendo
360 1928 433 1980 operr
444 1911 520 1964 tirmo
539 1911 671 1980 reperiunt
688 1909 773 1963 solum
784 1911 802 1979 3³
820 1911 936 1964 harenae
954 1923 1046 1967 autem

135 1981 248 2035 subinde
266 1980 428 2050 cumulatae,
446 1990 473 2058 et
491 1980 570 2049 saxis,
584 1981 644 2050 quis
661 1996 727 2049 pone
744 1980 893 2047 sustinetur,
914 1997 1045 2050 annexae,

135 2061 269 2106 morantur
284 2069 401 2121 amnem,
414 2067 461 2120 qur
479 2058 597 2104 retentus
614 2051 709 2119 acrius,
722 2065 804 2118 quarn
823 2049 847 2102 si
865 2050 949 2102 libero
968 2069 1045 2106 cursu
1126 2077 1127 2118 ς

134 2131 245 2190 mearet,
260 2120 376 2174 illiditur.
638 2177 641 2182 y

170 2196 194 2242 5.
214 2194 312 2243 Arcem
331 2204 436 2258 quoque
455 2188 560 2241 ambitu
577 2189 625 2241 XX
643 2187 730 2242 stadia
747 2188 916 2258 complexam
936 2189 1047 2244 habent.
1125 2219 1127 2230 ν

134 2259 206 2312 XXX
224 2258 307 2328 pedes
324 2259 350 2310 in
368 2266 466 2310 terram
485 2258 595 2310 turrium
609 2257 783 2311 fundamenta
795 2258 913 2311 demissa
931 2269 999 2327 sunt,
1012 2261 1047 2313 ad

136 2328 228 2380 LXXX
259 2343 396 2380 summum
431 2326 590 2380 munimenti
620 2326 754 2395 fastigium
790 2328 918 2395 pervenit.
965 2329 1048 2400 Super

134 2413 232 2464 arcem,
257 2395 395 2464 vulgatum
418 2396 579 2448 Graecorum
603 2393 718 2448 fabulis⁴
740 2396 905 2468 miraculum,
931 2399 1048 2468 pensiles
1077 2403 1083 2419 ⁸

135 2464 203 2520 horti
221 2473 289 2534 sunt,
309 2481 442 2518 summam
463 2481 599 2518 muronrm
617 2464 785 2519 altitudinem
806 2476 961 2537 aequantes,
981 2468 1047 2521 mul·

135 2544 275 2605 torumque
303 2533 425 2586 arborum
455 2531 550 2586 umbra
581 2542 608 2586 et
636 2537 791 2604 proceritate
820 2538 946 2590 amoeni.⁸
981 2538 1047 2592 Saxo

134 2604 213 2676 pilae,
227 2621 296 2674 quae
314 2610 398 2657 toturn
416 2619 483 2656 onus
502 2603 639 2674 sustinent,
652 2604 796 2658 instructae
809 2614 876 2674 eunt,
890 2623 971 2676 super
982 2608 1049 2678 pilas

134 2751 162 2799 os
169 2750 280 2858 Babplon
288 2749 308 2797 ie
317 2748 358 2795 the
368 2755 431 2794 most
440 2747 564 2795 moderate
573 2746 601 2795 of
607 2745 647 2795 all.
671 2747 727 2797 The
736 2748 832 2796 Asiatic
840 2749 915 2798 world
925 2749 969 2798 has
976 2713 1047 2799 twice

135 2811 211 2858 shone
231 2809 285 2858 orth
296 2808 320 2856 in
330 2805 498 2876 greatglory:
517 2807 548 2854 its
564 2805 664 2867 gradual
676 2807 741 2913 lapse
753 2807 803 2854 into
814 2808 846 2858 its
857 2818 954 2877 present
966 2809 1048 2877 deplo-

135 2870 201 2917 rable
213 2869 334 2917 condition
346 2883 366 2915 ra
377 2881 422 2914 one
434 2865 461 2913 of
473 2864 515 2913 tlre
526 2875 589 2915 most
601 2865 695 2914 melano
714 2866 754 2926 oly
765 2867 899 2925 speetoeles
911 2883 935 2915 m
946 2867 1048 2930 history.

165 2934 171 2956 ¹
185 2928 238 2988 ‘By
249 2927 326 2976 banks
337 2925 365 2975 ol
376 2935 444 2987 great
455 2925 504 2973 size
516 2925 563 2973 and
574 2925 702 2986 strength!

163 2985 237 3034 ”Pirs
248 3001 275 3034 or
285 2985 356 3054 small
367 2985 435 3034 lakes
446 2983 495 3053 dug
506 2985 575 3043 deep,
586 2984 633 3032 and
644 2983 748 3052 eredled,
759 2984 783 3032 in
792 2985 862 3034 order
870 2995 895 3033 to
904 2986 999 3035 receive
1008 2986 1049 3036 the

136 3043 644 3172 wptpffipssphssgpppywfihnzngrpopplptplpitpvpppl
649 3043 784 3163 hilhhhlgh
791 3111 860 3171 atron
884 3103 954 3153 w’orlr
965 3105 1047 3166 upon.¹

136 3162 193 3211 The
203 3161 323 3229 prllarsflof
330 3161 371 3208 tlre
382 3162 465 3230 brrdge
473 3162 522 3217 (the
531 3169 597 3224 opus)
605 3177 670 3209 were
677 3162 823 3222 necessarily
831 3172 857 3210 to
862 3119 893 3211 he
903 3174 996 3225 strong,
1039 3191 1049 3203 ·

136 3236 208 3270 cauae
220 3220 261 3268 tlre
272 3235 343 3275 river,
356 3219 439 3288 forced.
448 3231 499 3269 rnto
510 3236 602 3269 nerrow
611 3236 722 3280 composa
734 3222 766 3281 by
775 3221 815 3268 the
824 3222 924 3282 gradum
934 3239 1048 3273 occumu-

136 3280 210 3330 lation
221 3279 249 3327 ol
261 3278 329 3334 send,
342 3279 397 3324 beat
409 3279 468 3327 wrth
479 3280 659 3339 extraordinary
669 3280 778 3328 violence
789 3296 802 3326 a
820 3282 883 3329 sinet
893 3282 969 3331 thern.

165 3345 174 3368 ⁴
185 3338 308 3387 ‘storias’
341 3336 396 3384 'l'be
408 3338 474 3386 word
484 3339 543 3386 does
554 3348 595 3386 not
607 3339 682 3398 imply
693 3338 785 3386 salsebo
828 3339 893 3388 here.

166 3404 175 3428 ⁵
187 3395 334 3464 ‘Pleasant.'
366 3394 486 3462 Amoenus
496 3397 517 3443 is
529 3396 624 3502 applied
635 3407 661 3445 to
669 3398 734 3445 what
747 3398 768 3446 is
778 3398 906 3458 egreeable
917 3399 942 3448 in
952 3409 1048 3457 nature,

137 3469 173 3510 ss,
185 3453 222 3502 sor
232 3465 349 3510 mstance,
362 3468 377 3502 a
388 3452 504 3500 beautrlul
514 3453 553 3502 lan
571 3469 651 3513 scope.
