2274 3844
21 3405 23 3438 r

21 3443 24 3490 l

461 281 554 320 marra
573 282 626 322 ru.
942 269 998 326 185

80 389 148 444 clari
159 389 219 444 riri.
255 388 344 443 Multa
361 389 419 441 sine
438 406 501 458 rege
517 407 650 460 prospere,
665 407 711 444 rex
721 409 779 446 stne
792 392 836 444 illo
847 393 912 446 nihil
923 410 998 464 mag·

82 477 134 514 uae
148 460 186 513 rei
199 469 326 529 gesserat.
362 457 527 512 Felicissimo
540 461 603 528 regi,
617 467 644 512 et
655 461 744 513 omnia
755 463 788 514 ad
802 463 920 516 fortunae
933 481 998 518 suae

82 531 202 599 exigenti
215 529 343 596 modum,¹
356 528 493 582 satisfecit.
530 529 600 582 LXX
611 539 690 583 natus
701 548 792 598 anrros,
803 531 910 602 juvenis
921 534 999 586 ducis

83 609 111 655 et
123 617 206 670 saepe
218 600 302 652 etiam
318 599 430 669 gregarii
449 598 540 651 militis
553 600 644 652 munia
656 599 788 669 explevit:
806 619 868 654 acer
880 603 998 672 consilio,

82 687 166 725 manu
187 679 318 737 strenuus,
337 686 414 721 carus
433 669 605 739 principibus,
625 667 703 736 vulgo
725 671 837 724 militum
857 675 998 742 acceptior.

83 741 158 794 llaec
179 737 331 808 impulerint
350 739 417 791 ilum
436 737 470 790 ad
490 740 563 806 regni
582 739 764 808 cupiditatem,
782 758 814 791 au
836 749 937 794 tantum
957 761 999 794 su·

83 822 206 880 spectum
220 807 338 877 fecerint,
351 808 452 876 ambigi
464 816 557 877 potest,
570 810 633 878 quia
651 808 767 862 Philotas
786 809 888 862 ultimis
900 815 999 863 orucia-

83 881 155 932 tibus
168 879 256 930 victus
269 896 365 930 verane
384 878 486 945 dixerit,
502 895 571 946 quae
590 878 660 930 facta
680 879 781 948 probari
801 898 852 933 non
872 893 997 948 poterant,

82 969 115 1002 an
130 950 217 1001 falsis²
229 958 416 1000 tormentorum
437 949 541 1016 petierit
554 947 643 1016 finem,
658 965 685 1000 re
697 966 803 1018 quoque
817 953 922 1018 recenti,
937 971 997 1002 curn

82 1022 170 1086 tnagis
184 1028 272 1087 posset
285 1018 393 1087 liquere,
407 1017 556 1070 dubitatum
569 1026 617 1069 est.

121 1095 160 1142 10.
182 1089 342 1156 Alexander,
356 1105 422 1156 quos
440 1086 522 1138 libere
541 1100 651 1139 mortem
672 1088 853 1140 Parmenionis
872 1107 997 1157 conque--

84 1168 123 1212 tos
142 1177 203 1211 esse
224 1168 396 1226 compererat,
417 1157 577 1225 separandos
594 1175 610 1208 a
628 1166 717 1208 cetero
736 1161 854 1210 exercitu
874 1169 952 1224 ratus,
971 1160 998 1211 in

83 1246 165 1282 unam
184 1228 319 1280 cohortem
339 1226 460 1294 secrevit,
473 1227 624 1295 ducemque
644 1224 687 1280 his
706 1227 853 1280 Leonidam
871 1228 952 1296 dedu,
971 1239 998 1282 et

83 1301 173 1370 ipsum
199 1297 367 1350 Parmenioni
391 1296 526 1365 quondam
552 1297 646 1348 intima
669 1296 849 1350 familiaritate
874 1296 998 1366 conjunc·

84 1379 149 1422 turn.
187 1367 256 1421 Fere
269 1367 352 1419 iidem
364 1374 446 1434 erant,
460 1383 526 1435 quos
537 1365 654 1434 alioquin
668 1383 714 1420 rex
732 1367 861 1420 habuerat
881 1369 1000 1420 innisos.⁸

82 1441 154 1492 Nam
179 1453 243 1490 curn
267 1435 379 1506 experiri
401 1435 488 1488 Vellet
512 1435 626 1490 militurn
650 1436 762 1504 animos,
782 1437 928 1504 admonuit,
950 1439 996 1507 qui

82 1509 185 1561 litteras
197 1508 222 1560 in
236 1505 426 1560 Macedoniam
437 1504 472 1557 ad
485 1522 546 1558 suos
558 1505 714 1574 scripsisset,
728 1505 776 1574 his,
789 1524 857 1577 quos
869 1509 925 1576 ipse
937 1510 998 1560 ruit·

82 1579 164 1647 rebar,
188 1575 329 1647 perlaturis
349 1592 411 1627 oum
430 1573 492 1643 fide,
513 1575 636 1628 traderet.
673 1573 832 1646 Simpliciter
849 1579 883 1630 ad
906 1595 997 1632 ncces·

82 1651 165 1700 serios
185 1648 259 1700 sucs⁴
276 1646 388 1714 quisque
406 1645 553 1713 scripserat,
573 1661 642 1713 quae
661 1647 808 1699 sentiebat:
829 1647 891 1699 aliis
907 1648 998 1716 gravis

81 1728 147 1787 erat,
161 1717 294 1787 plerisque
307 1732 356 1766 non
376 1715 477 1782 ingrata
496 1714 599 1767 militia.
636 1715 676 1768 lta
695 1725 723 1767 et
740 1717 878 1784 agentium
897 1718 997 1785 gratias

81 1798 107 1840 et
126 1786 296 1856 querentium
316 1784 419 1836 litterae
439 1795 567 1853 exceptae
587 1794 657 1836 sunt.
694 1785 727 1838 Et
739 1786 785 1854 qui
799 1785 863 1838 forte
876 1789 995 1840 taedium

80 1857 181 1911 laboris
202 1873 248 1926 per
267 1854 370 1907 litteras
390 1861 463 1906 erant
484 1854 579 1923 questi,
602 1853 671 1906 hauc
691 1857 806 1908 seorsus⁶
823 1856 959 1910 cohortem
979 1873 996 1909 a

80 1928 179 1980 ceteris
198 1924 307 1978 tendere
326 1922 488 1992 ignominiae
499 1939 579 1976 causa
590 1921 674 1992 jubet,
687 1923 839 1977 fortitudine
858 1943 952 1980 usurus
970 1927 995 1980 iu

80 1997 152 2050 bello
165 1996 316 2048 libertatem
337 1991 441 2071 linguae
459 1992 494 2045 ab
511 1993 618 2045 auribus
635 1992 752 2046 credulis
770 2003 924 2048 remotums.
961 1997 996 2050 Et

79 2067 232 2133 consilium,
258 2073 428 2117 temerarium
452 2061 558 2114 forsitan
583 2062 692 2133 (quippe
716 2063 852 2116 fortissimi
880 2065 997 2135 juvenes

80 2136 252 2200 contumeliis
268 2131 364 2185 irritati
376 2142 451 2185 erant
465 2172 471 2199 ,
485 2133 553 2184 sicut
571 2133 661 2185 omnia
678 2132 731 2186 alia
744 2133 858 2186 felicitas
869 2137 939 2203 regis
951 2153 996 2188 ex-

80 2205 173 2276 cepit.⁸
209 2203 281 2258 Nihil
295 2202 346 2255 illis
357 2200 391 2254 ad
403 2201 447 2254 bel
459 2219 475 2253 a
487 2202 632 2271 promptius
640 2201 697 2255 fuir.
734 2203 862 2258 {usitabat
870 2206 995 2260 virtutem

81 2290 107 2329 et
120 2275 285 2344 ignominiae
296 2271 446 2324 demendae
459 2272 564 2342 cupido,
577 2279 604 2324 et
615 2274 678 2342 quia
689 2271 766 2326 sortia
779 2274 849 2327 facta
861 2275 887 2328 in
903 2277 997 2348 paucis

82 2347 165 2399 latere
176 2361 231 2397 nou
246 2349 375 2412 poterant.

117 2423 159 2469 ll.
179 2415 228 2466 His
241 2413 277 2467 ita
290 2411 446 2481 compositis,
461 2409 621 2479 Alexander,
635 2412 793 2468 Arianorum
810 2423 915 2486 satrape
934 2435 995 2470 corr·

80 2487 179 2554 stituto,
199 2485 250 2536 iter
268 2481 428 2551 pronuntiari
446 2480 523 2550 jubet
542 2482 567 2533 in
588 2481 837 2555 Arimaspos,⁷quos
855 2486 912 2557 jam
931 2496 994 2540 tunc

80 2563 183 2609 mutato
208 2553 314 2606 nomine
339 2552 485 2618 Euergetas
507 2549 684 2621 appellabant,
704 2571 739 2607 ex
756 2572 809 2624 quo
827 2556 923 2625 frigore
941 2559 996 2610 vic·

81 2637 179 2695 tusqua
198 2621 309 2692 penuria
327 2620 387 2691 Cyri
406 2620 553 2674 exercitum
570 2621 697 2676 affectum
711 2627 788 2677 tectis
800 2635 827 2677 et
839 2629 996 2680 commeati-

81 2696 131 2748 bus
148 2695 283 2764 jnverant.
319 2690 432 2748 Quintus
443 2689 501 2742 dies
513 2701 576 2762 erat,
591 2691 730 2745 utineam
751 2693 884 2762 regionem
904 2714 996 2765 perre-

81 2774 165 2818 nerat.
204 2762 343 2830 Cognoscit
366 2759 571 2830 Satibarzanem,
591 2762 636 2830 qui
660 2763 694 2815 ad
718 2762 831 2816 Bessum
849 2763 995 2835 defecerat,

80 2853 143 2888 curn
163 2833 285 2903 equiturn
308 2847 389 2884 manu
407 2829 532 2899 irrupisse
551 2849 640 2884 rursus
652 2834 678 2886 in
692 2833 776 2885 Arios.
812 2832 907 2900 Itaque
919 2833 996 2888 Cara-

110 2965 116 2985 ¹
131 2957 215 3006 ‘Who
223 2953 316 3015 judged
327 2953 354 3001 of
360 2951 504 3014 everything
514 2953 641 3014 according
652 2963 677 3000 to
688 2951 730 3000 the
741 2965 851 3000 measure
860 2921 889 3003 of
894 2954 933 3006 his
941 2925 996 3006 own

82 3015 142 3078 good
154 3015 268 3064 fortune!

108 3083 118 3106 ²
130 3075 185 3134 ‘By
196 3075 258 3124 l'alse
269 3072 435 3122 confessione!

17 3143 19 3180 ἒ
110 3143 118 3165 ²
131 3142 137 3162 ‘
148 3136 215 3184 th
226 3133 274 3182 had
285 3135 348 3182 been
358 3131 431 3180 hated
445 3133 479 3190 by
489 3129 531 3179 the
547 3131 607 3192 king
623 3146 654 3179 on
669 3129 740 3178 other
750 3135 882 3184 accounts!
915 3109 996 3187 Habeo

18 3203 21 3252 ³,
82 3208 103 3244 te
113 3199 219 3244 invisum
230 3193 266 3242 sor
277 3194 335 3241 miti
345 3193 439 3240 inuans
451 3207 481 3238 es.

19 3261 21 3298 t
110 3251 365 3314 “Aequnintuncesr'
385 3262 425 3299 not
442 3248 580 3309 equivalent
597 3260 621 3297 tc
637 3253 773 3320 propinqui.
793 3251 941 3304 ,Νωαεανίί
954 3273 995 3307 are

83 3332 181 3374 persons
193 3314 253 3362 with
266 3313 346 3360 whom
358 3327 393 3358 we
406 3310 468 3366 lreep
479 3323 511 3376 up
521 3323 536 3355 a
546 3321 695 3359 conuectron.

112 3371 306 3432 ⁵‘Separately.’
339 3371 387 3419 For
398 3369 439 3418 the
450 3367 584 3416 denvation
599 3368 627 3416 ol
641 3371 690 3419 this
708 3371 755 3422 and
773 3372 866 3424 similar
880 3374 993 3434 adverbs,

83 3450 122 3522 sep
132 3433 312 3540 &gffomr
322 3505 404 3538 accom
422 3487 509 3536 anied)

111 3553 152 3600 'A
163 3553 225 3601 tribe
236 3565 269 3598 on
278 3550 320 3597 the
331 3549 394 3596 river
404 3505 562 3608 &tymanden
575 3548 617 3598 the
627 3551 727 3600 modern
738 3551 860 3604 nument

518 3613 564 3664 1³2
