2274 3844
158 201 217 258 ἥδ
424 215 464 256 ιιι
487 217 593 256 oneris
614 215 800 258 auxarum.

158 341 277 392 uxorem,
291 323 340 376 nisi
351 323 499 394 prohibitus
510 333 580 378 esset
593 324 703 378 fratrum
715 325 775 395 ejus
789 341 910 380 occursu.
946 324 1072 380 cem

158 395 231 448 abire
243 405 387 462 conspectu
397 393 487 464 ¹jubet,
500 395 589 448 addito
608 404 680 448 metu
699 396 799 466 mortis,
812 397 836 448 si
853 413 883 448 se
900 395 988 449 oculis
1003 396 1071 466 ejus¹

158 463 313 531 obtulisset,
336 472 363 516 et
385 463 420 518 ad
442 464 603 518 desiderium
627 464 769 520 levandum
786 475 886 534 ‚noctes
903 483 986 533 agere
1006 467 1072 520 inter

158 532 269 602 pellices
284 535 380 604 coepit.
416 534 467 588 Sed
486 537 592 603 penitus
608 533 721 588 haerens
738 553 812 590 amor
824 535 933 590 fastidio
950 551 1072 604 praesen·

159 602 238 656 tium²
249 619 379 656 accensus
390 611 440 657 est.
476 604 568 674 ltaque
587 620 675 656 rursus
691 604 739 657 uni
757 606 783 658 ei
800 605 917 675 deditus,
931 623 1007 658 orare
1022 621 1070 658 uon

159 671 267 742 destitit,
282 682 310 726 ut
322 672 368 726 tali
380 673 488 728 consilio
499 673 651 742 abstineret,
664 683 850 744 patereturque
863 684 1072 744 sortem,quem·

159 757 266 811 cunque
280 742 321 794 iis⁸
333 741 436 796 fortuna
447 743 569 798 lecisset:
583 743 633 796 sibi
646 752 757 798 mortem
770 745 907 798 deditione
919 762 984 798 esse
997 745 1072 800 lerio-

160 828 226 864 rem.
262 815 298 866 At
321 812 368 866 ills
391 830 503 883 purgare
523 831 560 883 se,
600 812 652 866 uod
672 831 741 882 quae
762 815 836 868 utilia
856 831 918 867 esse
939 814 1072 870 censetur*

160 881 324 936 muliebriter
347 882 462 950 forsitan,
487 882 536 936 sed
558 830 612 936 fida
636 891 724 935 tamen
748 894 838 936 rnente
862 885 1013 936 suasisset:
1040 883 1073 934 de

160 961 249 1005 cetero
262 951 378 1006 suturam
396 953 423 1006 in
442 952 491 1005 riri
509 960 647 1023 potestate.
683 953 857 1022 Spitamenes,
871 953 1001 1006 simulato
1018 969 1075 1022 oap-

163 1031 205 1074 tus
224 1022 359 1092 obsequio,
377 1021 412 1075 de
430 1022 474 1075 die
492 1023 654 1075 conririum‘
667 1023 790 1092 apparari
805 1023 898 1092 jubet,
919 1023 1038 1091 vinoque
1049 1030 1075 1074 et

162 1107 179 1144 e
200 1091 250 1144 ulis
268 1094 365 1162 gravis,
385 1092 563 1146 semisomnus
585 1092 612 1145 in
635 1091 788 1146 cubiculum
811 1093 904 1146 lertur.
941 1092 1031 1150 Quem
1049 1099 1077 1144 ut

189 1169 215 1214 to
227 1171 254 1214 et
265 1163 339 1229 gravi
352 1177 444 1216 somno
456 1163 570 1232 sopitum
588 1177 649 1214 esse
667 1163 747 1215 sensit
766 1179 837 1231 uxor,
851 1161 985 1230 gladium,
999 1179 1075 1231 quem

162 1240 238 1284 veste
256 1232 443 1300 occultaverat,
462 1231 574 1300 stringit,
592 1240 724 1301 caputque
743 1231 802 1301 ejus
819 1233 967 1301 abscisum,
989 1248 1076 1286 cruore

163 1317 290 1370 respersa,
304 1319 379 1356 serrc
392 1319 438 1355 suo
450 1301 557 1354 conscio
569 1300 691 1354 facinoris
703 1302 789 1355 tradit.

201 1376 241 1424 12.
259 1372 363 1428 Eodem
380 1371 531 1438 comitante,
545 1371 623 1424 sicuti
640 1379 703 1440 erat,
716 1379 826 1427 cruenta
843 1381 927 1441 reste,
942 1372 971 1424 in
990 1373 1081 1424 Maee-

163 1439 263 1494 donum
286 1451 372 1494 castra
395 1442 522 1511 pervenit,
544 1441 710 1544 nuntiarique
734 1442 884 1494 Alexandro
903 1441 991 1511 jubet,
1012 1459 1081 1510 esse,

163 1527 232 1580 quae
252 1528 287 1564 ex
307 1511 364 1580 ipsa
383 1511 494 1565 deberet
513 1527 665 1579 agnoscere.
719 1510 766 1564 Ille
791 1511 912 1581 protinus
934 1511 1082 1568 barbarum

162 1579 238 1648 jussit
255 1579 369 1634 admitti.
404 1581 492 1639 Quam
511 1590 540 1634 ut
560 1597 709 1650 respersam
727 1597 819 1634 cruore
839 1581 988 1652 conspexit,
1009 1590 1084 1634 ratus

162 1648 197 1702 ad
221 1649 411 1720 deplorandam
434 1649 625 1704 contumeliam
648 1651 760 1719 venisse,
785 1650 874 1704 dicere
897 1668 970 1720 quae
999 1651 1083 1706 vellet

161 1719 246 1789 jubet.
276 1723 312 1774 At
330 1720 377 1772 illa
395 1737 509 1788 servum,
523 1737 604 1790 quern
622 1720 649 1773 in
668 1720 798 1774 vestibulo
816 1730 885 1774 stare
903 1721 1030 1790 jusserat,
1045 1723 1083 1775 iu·

163 1788 266 1842 troduci
278 1789 447 1844 desiderarit.
483 1789 534 1848 Qui
545 1790 608 1860 quia
619 1798 699 1860 caput
717 1790 876 1860 Spitamenis
889 1800 964 1842 veste
977 1801 1084 1844 tectum

162 1859 287 1929 habebar,
297 1869 436 1931 suspectus
447 1860 625 1914 scrutantibus
635 1860 697 1929 quid
707 1859 839 1914 occuleret
851 1859 978 1913 ostendit.
1016 1861 1084 1914 Con-

163 1929 268 1984 fuderat
279 1931 332 1986 cris
343 1931 485 1999 exsanguis
496 1939 571 1982 notas
582 1929 673 1999 pallor,
686 1947 737 1982 nec
754 1931 814 1999 quis
832 1938 903 1982 esset
923 1931 998 1982 nosci
1016 1929 1084 1984 satis

162 2009 273 2072 poterat.
310 2003 380 2071 Ergo
403 2017 450 2054 rex
473 1999 568 2052 certior
590 1998 684 2068 sectus,
708 1999 854 2053 humanum
880 2009 960 2069 ceput
984 1999 1082 2052 afferre

163 2087 236 2139 euru,
256 2070 426 2126 tabernaculo
449 2069 573 2138 excessit,
592 2077 813 2138 percontatusque
831 2070 895 2138 quid
915 2069 953 2122 rei
972 2071 1014 2138 sit,
1034 2069 1083 2122 illo

163 2141 302 2211 profitente
320 2141 463 2212 cognoscit.
506 2139 602 2192 Variae
619 2138 681 2192 binc
698 2140 870 2208 cogitationes
888 2140 1006 2192 invicem
1023 2139 1082 2192 ani·

163 2227 237 2264 mum
258 2212 363 2266 diversa
382 2212 528 2281 agitantem
547 2220 753 2263 commoverant.
788 2209 918 2262 Meritum
940 2211 1035 2277 ingens
1054 2209 1081 2262 in

163 2288 251 2332 semet
263 2297 323 2334 esse
335 2281 469 2350 credebat,
482 2279 553 2350 quod
569 2278 706 2347 transfuga
718 2287 745 2331 et
757 2279 877 2348 proditur,
892 2280 973 2332 tantis
992 2279 1081 2348 rebus,

163 2345 187 2400 si
199 2348 316 2416 vixisset,
329 2351 473 2420 injecturus
490 2353 611 2419 ιιιοιίιιιι,τ
629 2351 782 2404 interfectus
800 2357 885 2402 esset:
905 2356 998 2402 contra
1015 2349 1081 2402 laci·

163 2433 214 2472 nus
229 2417 323 2486 ingens
340 2419 519 2488 aversabatur,
532 2437 595 2473 curn
613 2422 712 2491 optime
731 2420 856 2474 meritum
873 2417 909 2470 de
929 2419 994 2488 ipsa,
1008 2435 1081 2472 eom·

163 2488 288 2542 munium
306 2496 442 2558 parentem
461 2487 582 2558 liberum,
595 2507 643 2560 per
654 2489 765 2544 insidias
782 2489 971 2542 interemisset.
1009 2489 1081 2542 Vicit

162 2652 167 2660 t
194 2645 201 2668 ¹
212 2639 228 2689 J
231 2639 321 2702 udging
329 2640 390 2688 srorn
401 2641 442 2688 the
452 2642 522 2690 ueuul
533 2643 637 2701 practice
648 2643 676 2691 ol
682 2643 791 2698 Curtius,
802 2657 839 2690 we
848 2640 936 2689 should
943 2649 1032 2700 expect
1048 2642 1053 2652 “

163 2701 225 2749 cius.
250 2700 308 2748 Suis
320 2701 397 2762 might
407 2699 504 2748 referto
515 2701 557 2748 the
567 2701 621 2750 wisc
630 2702 658 2750 of
666 2703 827 2762 Spitamenes,
838 2701 882 2749 she
890 2701 964 2761 being
972 2700 1013 2748 the
1022 2716 1051 2748 su
1069 2726 1079 2738 ·

162 2760 213 2820 jsct
224 2760 251 2808 os
258 2761 299 2809 the
310 2759 464 2809 subordinate
475 2761 566 2817 clause,
577 2763 637 2822 qur,
649 2772 748 2811 tosorne
757 2760 820 2809 third
828 2775 915 2820 person
925 2776 931 2817 ;
945 2762 987 2808 but
996 2760 1079 2808 where

165 2819 206 2888 the
217 2836 289 2890 sense
300 2819 435 2929 ishsodplqrin
445 2835 472 2868 as
483 2819 501 2869 it
512 2819 533 2868 is
544 2820 609 2878 licre,
622 2821 683 2869 such
694 2837 725 2869 en
735 2820 871 2881 ambiguity
881 2819 907 2868 in
921 2819 962 2867 the
978 2835 1077 2878 expres·

164 2891 302 2928 sionrsnct
331 2896 359 2928 ee
376 2896 414 2928 e.

193 2952 270 3013 '‘By
281 2963 466 3014 contemptuour
482 2951 570 3000 dislike
585 2962 611 3001 to
627 2953 696 3002 those
712 2953 769 3002 who
779 2967 844 3002 were
859 2967 916 3000 now
927 2951 966 3001 his
982 2965 1076 3012 compe·

164 3010 234 3058 nicus
242 3013 258 3068 ;'
271 3012 376 3074 namely,
389 3013 430 3060 the
439 3015 542 3075 pellices.

194 3075 277 3122 ¹Here
290 3090 327 3122 we
338 3076 415 3138 might
427 3085 513 3135 expect
525 3077 591 3138 ipsis.

193 3138 330 3199 ‘Properly
340 3150 448 3198 censeret,
461 3139 588 3201 according
598 3149 623 3188 to
636 3139 716 3189 Gran.
728 3140 742 3194 i
753 3144 806 3190 361.

194 3207 279 3256 ⁸'l'lrat
290 3206 319 3263 is,
332 3212 516 3271 atempoetivurn
526 3212 666 3267 convivium,
680 3226 706 3258 ss
717 3210 742 3258 in
752 3209 801 3258 viii.
813 3213 836 3258 3.

166 3341 172 3352 ἱ
193 3285 202 3311 ¹
215 3279 269 3348 ‘Tc
281 3278 365 3334 lcarn,‘
378 3281 496 3342 implyiug
506 3291 532 3330 tc
542 3281 657 3332 convince
668 3281 738 3330 one's
748 3281 798 3330 seli
810 3280 838 3331 of
849 3298 864 3331 a
874 3282 945 3344 thing
954 3284 990 3346 by
999 3281 1077 3333 actual

165 3349 307 3400 inspection.

162 3469 163 3473 Ἰ
195 3411 303 3467 '‘th‚
312 3408 396 3478 badhe
403 3410 476 3468 lived,
486 3413 635 3462 wouldbave
642 3413 811 3475 delayedsuch
818 3423 886 3476 great
893 3413 1075 3478 undertakingr’

165 3475 200 3524 (ae
211 3469 252 3528 be,
264 3468 306 3518 the
318 3468 385 3531 lung,
397 3468 445 3518 bad
455 3471 480 3518 iu
488 3471 570 3528 view).
