2274 3844
446 221 538 262 uraca
558 221 609 260 vrr.
922 208 980 261 215

48 349 68 384 a
81 341 173 452 mdo
186 339 272 401 erant,
284 329 427 384 aestimare
445 347 497 386 non
515 338 643 400 poterant.
680 329 772 400 ltaque
785 329 893 402 Cophen
906 333 981 400 (uam

153 412 236 453 antes
259 397 410 469 reliquerat)
433 400 548 451 strenue¹
569 413 699 470 revocant,
721 409 747 453 et
771 417 832 453 cum
857 417 888 452 eo
911 401 981 453 XXX

50 411 96 454 tre
121 419 130 452 r

51 418 206 540 priiicipes
230 469 346 536 mittunt,
367 468 412 538 qui
435 477 536 538 petram
561 467 672 538 tradant,
695 479 721 520 et
744 477 772 522 ut
796 469 982 528 incolumibus²

52 540 140 592 abire
162 539 253 606 liceat,
267 539 441 608 paciscantur.
478 537 525 590 llle
538 554 700 606 quamquam
711 537 860 608 verebatur,
874 557 908 592 ne
921 556 980 590 corr-

53 615 162 678 specta
182 607 311 676 juvenum
329 607 461 678 paucitate
480 605 648 658 deturbarent
666 623 712 658 eos
729 607 839 676 barbari,
853 615 942 661 tamen
955 617 981 660 et

55 679 193 730 fortunae
206 694 272 730 suae
284 677 407 745 confisus,
421 685 446 728 et
459 676 575 730 Arimazi
588 676 727 744 superbiae
740 675 865 746 infensus,
880 678 981 730 nullam

57 765 90 800 se
117 745 313 800 condicionem
336 745 478 798 deditionis
506 745 628 814 accipere
655 745 797 816 respondit.
834 747 979 812 Arimazes,

56 817 220 895 desperatis
231 817 317 884 magis
329 831 410 884 quam
428 814 538 884 perditis
550 814 722 882 1·ebus‚³cum
739 813 893 884 propinquis
911 815 981 868 nobi-

57 886 238 954 lissrmisque
261 885 349 952 gentis
373 901 436 938 suae
460 882 599 936 descendit
623 883 649 936 in
673 893 772 936 caetra:
799 899 866 952 quos
889 900 982 937 omues
1033 907 1036 912 ·

60 954 230 1008 verberibus
241 954 352 1007 affectos
364 954 413 1006 sub
426 953 489 1022 ipsis
507 951 639 1006 radicibus
656 961 747 1022 petrae
765 951 890 1006 crucibus
906 951 982 1023 jussit

59 1024 151 1094 affigi.
191 1023 336 1076 Multitudo
348 1021 532 1075 dediticiorum
546 1021 638 1075 incolis
651 1039 778 1076 novarum
795 1022 902 1078 urbium
920 1039 982 1074 curn

60 1094 185 1166 pecunia
204 1101 282 1162 capta
299 1093 367 1145 dono
385 1091 447 1144 data
464 1101 519 1144 est:
538 1090 685 1145 Artabazus
705 1091 732 1145 in
752 1099 843 1161 petrae
861 1092 983 1160 regionis-

62 1181 128 1234 que,
142 1179 217 1232 quae
229 1163 349 1232 apposita
361 1169 431 1226 esset
443 1162 476 1229 ei,
490 1161 572 1213 tutela
585 1160 698 1214 relictus.

93 1308 104 1390 ζ
115 1298 268 1359 Equivalent
280 1309 305 1345 to
314 1299 433 1365 protinus,
446 1299 564 1354 continuo,
579 1302 585 1323 ⁴
595 1297 696 1344 without
707 1296 795 1358 delay.’

94 1357 288 1472 'gireatqrbiyilrd
296 1355 717 1474 difidit{iiiiiiitlrgietlrrbtiilnzdbnbti
729 1356 830 1464 diwlelf
842 1418 865 1485 in
873 1416 980 1485 despair,

65 1479 126 1528 than
136 1476 248 1538 actually
258 1475 314 1524 lost.
345 1475 374 1544 In
386 1474 457 1541 Lanu
467 1489 505 1542 yae
517 1489 561 1522 cau
572 1489 615 1534 say
623 1477 717 1536 despero
728 1491 775 1522 rem
785 1476 945 1536 trousrtrvely,
956 1491 982 1524 aa

67 1537 124 1588 well
134 1553 165 1586 as
175 1539 272 1598 despero
281 1538 310 1584 de
320 1553 345 1584 re
354 1532 537 1593 rntransrtrvely.
568 1533 615 1581 See
627 1533 725 1594 Zumpt,
739 1534 752 1586 l
762 1537 815 1584 417.
