2294 3842
137 251 197 308 ato
407 267 445 308 ott
469 267 576 310 casura
598 267 784 308 sccxtnnm.

137 375 308 448 prohiberet.¹
353 375 408 432 Sed
436 377 585 446 precarium
615 377 789 447 spernebatur
819 377 973 447 impastam.
1009 379 1051 432 Ac

169 447 252 500 imum
272 445 387 517 ejulatus
406 446 432 500 in
452 465 501 500 ens
519 447 688 518 ploratusque
708 456 849 500 renovatus
868 459 924 499 est:
950 447 1050 501 deinde

149 517 218 570 uturi
242 517 391 588 expectatio
416 465 534 570 tnbtbnts
557 517 674 570 lacrimis
697 517 833 570 silentium
856 517 930 571 lecit.
980 518 1052 570 'l'um

136 585 270 655 Perdicca,
291 587 362 656 regia
380 585 447 640 sella
465 586 493 640 ln
511 597 682 656 conspectum
703 587 775 655 vulgi
792 586 862 657 data,
877 587 903 641 in
921 603 977 658 qua
994 587 1051 640 dia·

135 653 217 708 derna
240 660 374 726 vestisque
396 655 542 710 Alexandri
565 673 627 708 cum
652 657 733 708 armis
757 665 839 724 erant,
860 657 974 711 anulum
1000 657 1052 711 sibi

135 725 221 796 pridie
241 727 367 780 traditum
386 743 404 778 a
424 743 486 796 rege
506 727 532 778 in
553 725 650 780 eadem
670 725 733 778 aede
753 727 855 796 posuit,
874 743 990 797 quorum
1009 744 1051 780 aa·

170 805 214 848 ctu
234 813 322 851 rursus
339 797 446 849 obortae
463 794 587 848 omnibus
605 795 731 848 lacrimae
751 797 917 866 integravere
937 796 1052 850 luctum.

161 874 170 917 t
194 865 329 936 Perdicca,
354 867 411 935 Ego
434 865 552 936 quidem,
578 864 669 935 inquit,
690 866 808 935 anulum,
829 883 881 936 quo
905 867 951 919 ille
976 869 1053 936 regni

134 945 216 1005 atque
236 936 338 1006 imperii
355 937 427 989 vires
443 934 582 1004 obsignare
600 944 656 988 erat
674 934 773 1005 solitus,
793 937 919 996 traditum
938 937 974 990 ab
993 937 1053 1006 ipso

136 1004 210 1076 mihi,
231 1006 311 1060 reddo
329 1006 413 1060 vobis.
449 1006 574 1060 Ceterum
592 1021 757 1074 quamquam
775 1005 848 1058 nulla
866 1005 960 1058 clades
978 1005 1050 1076 huic,

134 1091 189 1146 qua
200 1075 291 1128 affecti
304 1093 404 1142 sumus,
418 1091 466 1145 par
483 1074 519 1128 ab
537 1073 611 1128 iratis
622 1077 673 1128 diis
690 1075 834 1142 excogitari
847 1085 942 1145 potest,
957 1086 1051 1129 tamen

134 1145 345 1214 magnitudinem
371 1163 467 1214 rerum,
489 1161 556 1214 quas
579 1145 642 1214 egit,
663 1143 826 1198 intuentibus
846 1145 956 1198 credere
978 1145 1050 1215 licet,

135 1223 237 1270 tanturn
258 1218 343 1268 virum
362 1215 427 1270 deos
445 1213 664 1268 accommodasse
683 1213 762 1267 rebus
780 1213 913 1284 humanis,
936 1231 1052 1284 qnamm

134 1294 203 1338 sorte
223 1285 364 1356 completa,
385 1286 437 1338 cito
458 1293 608 1355 repeterent
627 1300 691 1336 enm
711 1300 776 1336 suae
797 1284 891 1354 stirpi.²
937 1286 1052 1338 Proinde

133 1355 259 1426 quoniam
279 1355 344 1409 nihil
361 1355 433 1410 aliud
451 1373 485 1408 ex
504 1371 536 1408 eo
554 1362 682 1426 superest,
701 1369 782 1424 quem
799 1353 871 1423 quod
889 1371 999 1424 semper
1015 1354 1051 1409 ab

133 1423 333 1480 immortalitate
357 1425 492 1480 seducitur
524 1422 625 1493 corpori
649 1423 802 1492 hominique
826 1439 907 1493 quam
933 1424 1051 1494 primum

131 1493 203 1564 justa
226 1495 368 1564 solvamus,
387 1493 458 1548 haud
476 1464 561 1562 obliti,
580 1494 605 1546 in
624 1510 677 1563 qua
694 1492 767 1560 urbe,
787 1493 854 1546 inter
871 1509 939 1562 quos
957 1496 1050 1566 simus,

133 1565 205 1634 quali
224 1564 347 1634 praeside
367 1581 400 1617 ao
421 1581 483 1632 rege
504 1563 616 1634 spoliati.
654 1562 834 1616 Tractandum
851 1574 898 1627 est,
918 1564 1050 1617 commili-

133 1641 216 1700 tones,
241 1633 473 1704 cogitandumque,
499 1644 527 1686 ut
551 1633 689 1686 victoriam
714 1642 817 1702 partam
842 1632 909 1686 inter
934 1633 991 1702 hos,
1014 1633 1050 1687 de

132 1703 231 1773 quibus
243 1713 317 1774 parta
330 1711 379 1773 est,
389 1702 508 1756 obtinere
518 1704 658 1774 possimus.
687 1703 780 1772 Capite
792 1719 858 1772 opus
870 1714 920 1755 est.
948 1704 1051 1757 Hocine

133 1789 194 1840 uno,
208 1791 241 1826 an
254 1773 394 1844 pluribus,⁸
406 1774 432 1826 in
445 1783 533 1826 vestra
546 1780 677 1843 potestate
691 1782 741 1825 est.
777 1772 845 1825 lllud
855 1773 925 1826 scire
934 1773 1049 1844 debetis,

133 1842 277 1897 militarem
289 1844 347 1898 sine
359 1843 429 1897 duce
442 1843 546 1896 turbam
560 1858 654 1912 corpus
666 1859 726 1896 esse
739 1842 796 1894 sine
809 1842 911 1912 spiritu.
951 1843 1050 1897 Sextus
1110 1846 1112 1849 ’

134 1915 234 1966 mensis
256 1926 306 1984 est,
331 1930 366 1968 ex
389 1930 442 1984 quo
465 1915 572 1967 Roxane
600 1929 749 1983 praegnans
775 1921 831 1965 est:
862 1923 996 1982 optamus,
1021 1925 1051 1968 ut

133 1999 236 2038 marem
254 1985 377 2053 enitatur,
396 1983 473 2054 cujus
491 1999 601 2050 regnum
620 1983 673 2035 diis
690 1981 896 2052 approbantibus
916 1982 1049 2053 futurum,

132 2055 293 2124 quandoque
310 2053 477 2107 adoleverit.⁴
512 2051 622 2106 interim
639 2071 656 2104 a
673 2052 771 2122 quibus
788 2052 843 2120 regi
857 2052 948 2105 velitis
965 2052 1048 2106 desti·
1142 2085 1144 2138 ,

132 2131 204 2176 uate.
240 2125 315 2178 llaec
327 2124 462 2178 Perdicca.
977 2161 979 2164 -

168 2198 209 2245 20.
229 2193 299 2247 Tum
319 2192 466 2263 Nearchus,
487 2191 632 2246 Alexandri
653 2191 732 2244 modo
756 2191 915 2260 sanguinem
935 2209 969 2244 ac
992 2193 1049 2246 stir·

131 2279 193 2332 pem
208 2265 296 2331 regiae
315 2263 452 2334 majestati
469 2261 620 2330 convenire,
633 2262 778 2328 neminem,
792 2263 837 2330 ait,
850 2278 929 2331 posse
947 2263 1048 2316 mirari.

131 2332 258 2386 Ceterum
278 2333 415 2402 expectari
440 2332 558 2384 nondum
582 2340 669 2383 ortum
694 2347 792 2401 regern,
815 2340 842 2383 et
866 2332 913 2401 qui
933 2331 992 2401 jarn
1016 2334 1049 2386 sit

131 2402 274 2471 praeteriri,
298 2419 347 2454 nec
366 2402 465 2454 animis
485 2400 669 2453 Macedonum
688 2400 838 2468 convenire,
859 2415 911 2454 nec
933 2402 1049 2472 tempori

131 2487 229 2523 rerum.
266 2471 334 2524 Esse
347 2488 362 2522 a
375 2471 495 2524 Barsine⁸
506 2470 592 2522 filium
605 2472 689 2538 regis:
703 2469 766 2522 huic
778 2469 905 2522 diadema
917 2471 1047 2525 dandum.

130 2540 205 2594 Nulli
226 2540 349 2609 placebat
369 2539 460 2592 oratio.
497 2539 591 2607 ltaque
611 2541 659 2592 suo
680 2556 754 2592 more
775 2538 859 2592 hastis
879 2553 958 2593 scuta
983 2559 1047 2611 qua-

130 2611 237 2664 tientes⁰
260 2611 412 2680 obstrepere
433 2607 648 2679 perseverabant.
684 2609 800 2678 Jamque
820 2625 902 2679 pmpe
921 2610 958 2663 ad
979 2611 1048 2664 sedi·

130 2681 230 2735 tionem
242 2688 425 2750 pervenerant,
438 2677 562 2732 Nearcho
580 2678 747 2748 pervicacius
766 2688 856 2731 tuente
875 2680 1047 2734 sententiam.

131 2751 200 2805 Tum
232 2751 392 2819 Ptolomeus,
418 2749 504 2818 Digna
527 2764 632 2818 prorsus
655 2758 696 2802 est
720 2747 832 2819 soboles,
856 2748 952 2820 inquit,
977 2767 1048 2820 quae

159 2905 166 2930 ¹
180 2901 279 2950 ‘When
296 2901 403 2957 (thetis,
424 2899 575 2960 ‘although'l
592 2899 633 2946 the
649 2898 732 2947 herald
753 2899 831 2948 called
850 2913 883 2960 up
899 2900 971 2950 those
988 2919 1045 2952 con·

129 2961 216 3008 cerned
229 2963 261 3021 by
273 2976 352 3018 name,
366 2959 412 3008 and
424 2957 520 3008 refused
532 2973 616 3006 aecess
627 2968 653 3006 to
665 2958 706 3006 the
717 2958 817 3008 others!

157 3030 168 3056 ¹
179 3025 260 3073 ‘Thac
272 3025 330 3086 they
342 3026 420 3088 might
430 3025 502 3074 claim
514 3024 564 3076 him
575 3024 611 3073 for
622 3024 686 3073 their
696 3041 752 3073 own
763 3026 835 3073 race’

157 3088 292 3137 'Pluribus
303 3090 378 3138 refers
390 3100 415 3137 to
426 3089 467 3137 the
478 3087 608 3149 preceding
616 3091 703 3151 capite:
720 3089 845 3138 ‘whether
851 3089 900 3140 this
911 3091 978 3142 head
989 3095 1011 3143 is
1022 3104 1047 3143 to

129 3148 158 3196 be
170 3163 215 3196 one
227 3163 255 3196 or
266 3163 331 3197 more
343 3149 445 3205 theada),
458 3149 479 3196 is
490 3148 515 3198 in
527 3164 588 3209 your
598 3149 698 3208 power!

156 3219 166 3242 ⁴
179 3212 326 3274 Quandoque
336 3212 371 3261 lor
381 3216 574 3275 quandocumque.
606 3213 653 3261 See
664 3213 762 3273 Zumpt.
775 3213 789 3265 b
800 3217 852 3262 288.

157 3275 276 3324 ¹Barsine
289 3293 338 3324 was
350 3278 391 3326 the
403 3278 490 3326 widow
501 3277 529 3325 of
541 3279 582 3326 tha
599 3277 701 3326 Persian
717 3277 873 3326 commender
883 3277 1006 3330 Memnon
1015 3277 1043 3328 ol

129 3335 237 3390 Rhodes,
250 3335 297 3384 and
307 3335 449 3398 adaughter
459 3335 487 3383 ol
499 3336 540 3384 the
553 3335 654 3385 Persian
666 3337 810 3385 Artabazus.
842 3337 889 3385 See
901 3337 934 3386 lii.
947 3343 985 3388 35.

126 3404 167 3514 in}
174 3397 322 3504 ididiam
332 3407 358 3448 to
367 3401 534 3458 concutientes,
539 3401 668 3462 ferientes,
682 3407 723 3451 ‘to
734 3401 810 3450 shake
820 3415 836 3450 a
845 3401 917 3464 thing
927 3404 961 3464 by
970 3401 1042 3452 strik-
