2294 3842
129 199 190 256 2⁶⁰
393 210 433 252 os
457 210 565 252 exeris
585 209 769 252 auxarum.

130 321 223 376 LXXX
244 321 344 376 talenta
365 319 502 377 constituit
523 318 647 372 daturum
665 318 833 388 Alexander,
857 326 885 372 et
904 317 991 371 altero
1010 334 1048 389 ex

133 391 272 446 ‘uvenibus
289 389 391 444 obside¹
411 397 519 457 retento,
535 387 677 514 ipsum‘p
696 389 861 458 exequenda,
876 404 949 457 quae
970 387 1043 440 obtu-

140 468 204 528 erat‚
227 460 336 514 dimisit.
384 459 490 514 Leviter
512 459 621 510 armatis
669 474 704 510 ux
728 457 806 510 datus
832 466 873 510 est
900 457 1042 526 Mullinus,

130 529 217 584 scriba
240 529 317 598 regis.
353 528 408 580 Hos
430 527 504 580 enim
526 526 636 580 circuitu
660 528 706 596 qui
729 525 850 580 fallerent
870 525 999 596 hostem,⁹
1017 527 1043 578 iu

130 615 265 654 summurn
276 598 371 668 jugum
401 595 504 650 lacebat
521 595 643 650 evadere.
680 596 758 648 Petis
776 612 834 666 uon,
848 605 877 648 ut
889 593 1034 666 pleraeque

130 665 242 722 medicis
258 685 291 722 ac
310 615 434 722 mollihus
451 665 537 719 clivis³
548 666 575 718 iu
588 665 701 718 sublime
721 665 855 734 fastigium
875 665 982 734 crescit,
996 635 1043 718 sed

130 737 158 792 iii
175 747 264 792 metae
281 737 399 790 maxime
417 735 536 788 modum⁴
553 743 642 788 crecta
660 742 708 804 est,
721 735 798 804 cujus
814 735 869 788 ima
887 735 1044 804 spatiosiora

131 817 199 876 sunt,
220 807 311 860 altiora
331 806 359 860 in
380 805 461 858 artius
484 811 587 874 coeunt,
607 821 712 858 summa
732 805 758 856 in
778 815 887 858 acutum
910 821 1043 858 cacumen

131 891 284 945 exsurgunt.
319 875 433 930 Radices
443 873 502 944 ejus
513 873 595 928 ludos
605 874 693 926 amnis
705 874 782 942 subit,
796 873 939 943 praealtae,
954 873 1043 926 utrim-

130 962 184 1016 que
195 946 298 1016 asperis
309 945 389 1014 ripis:
408 944 442 997 ab
454 943 537 996 altera
548 957 621 1014 parte
634 943 772 1012 voragines
789 942 958 1012 eluviesque⁵
969 959 1042 1012 prae·

132 1025 224 1085 ruptae
248 1025 316 1068 sunt.
351 1015 410 1068 Nec
433 1012 487 1066 alia
510 1011 678 1082 expugnandi
700 1013 810 1082 patebat
833 1011 884 1082 via,
906 1029 991 1081 quam
1017 1021 1044 1065 ut

132 1084 301 1154 replerentur.
348 1084 391 1137 Ad
414 1099 525 1136 manum
548 1081 616 1134 silva
638 1090 701 1151 erat,
725 1098 807 1150 quam
830 1099 877 1134 rex
901 1080 939 1133 ita
967 1081 1044 1134 caedi
1139 1087 1140 1090 ’

131 1153 215 1233 jussit,
229 1163 256 1207 ut
269 1152 331 1207 nudi
347 1152 450 1222 stipites
465 1152 627 1222 jacerentur:
646 1152 744 1221 quippe
762 1149 829 1204 rami
847 1149 941 1203 froude
955 1143 1044 1206 vestiti

133 1223 305 1294 impedissent
323 1221 447 1276 ferentes.
483 1221 543 1291 lpse
561 1221 663 1291 primus
683 1231 802 1274 truncam
823 1221 947 1274 arborem
965 1221 1043 1290 jecit,

131 1292 284 1362 clamorque
314 1293 453 1358 exercitus,
478 1290 559 1344 index
586 1289 735 1359 alacritatis,
760 1299 867 1342 secutus
897 1300 947 1359 est,
972 1290 1043 1343 uullo

131 1361 296 1418 detrectante
308 1379 412 1429 munus,
425 1361 494 1430 quod
508 1377 554 1412 rex
565 1359 756 1430 occupavisset.

167 1435 208 1484 40.
227 1431 297 1484 lutra
315 1432 459 1500 septimum
476 1428 549 1482 diem
567 1446 695 1484 cavernas
717 1427 895 1498 expleverant,
914 1445 980 1482 cuin
998 1445 1044 1485 rex

132 1499 278 1568 sagittarios
301 1508 327 1552 et
350 1499 479 1568 Agrianos
501 1498 576 1568 jubet
599 1515 646 1568 per
667 1499 751 1552 ardua
773 1497 828 1551 niti.
869 1497 976 1550 Juveue
1010 1515 1043 1550 ue

133 1585 206 1638 prom
226 1569 340 1622 tissimus
357 1584 391 1622 eii
409 1585 456 1622 sua
473 1567 580 1625 cohorte
597 1567 784 1636 XXXdelegit.
821 1567 910 1618 Duces
929 1567 972 1619 his
1008 1567 1044 1618 ati

132 1646 193 1692 eunt
205 1587 305 1692 hharus
322 1646 349 1690 et
360 1637 520 1700 Alexander,
533 1654 614 1708 quem
632 1655 678 1690 rex
690 1637 810 1706 nominis,
823 1636 892 1706 quod
912 1637 964 1689 sibi
982 1652 1047 1715 cum,
1138 1669 1140 1732 ,

132 1723 165 1760 eo
183 1723 324 1760 commuue
344 1716 424 1774 esset,
444 1707 587 1762 admonuit.
623 1709 664 1760 Ac
684 1706 776 1777 primo,
798 1705 860 1778 quia
881 1714 939 1758 tam
959 1706 1049 1760 marii·
1139 1735 1140 1766 5

133 1775 230 1830 festum
249 1776 395 1846 periculum
416 1785 481 1846 erat,
502 1777 589 1846 ipsum
608 1793 699 1844 regem
719 1775 861 1828 discrimen
881 1775 972 1828 subire
994 1792 1043 1828 uon

132 1845 247 1915 placuit:
282 1845 330 1900 sed
360 1855 387 1900 ut
417 1846 524 1915 signum
553 1845 617 1900 tuba
645 1846 738 1900 datum
766 1854 816 1913 est,
847 1845 885 1896 vir
914 1845 1043 1898 audaciae
1139 1889 1140 1896 ,

133 1924 269 1986 promptae
282 1932 424 1968 conversus
435 1915 469 1968 ad
482 1915 595 1984 corporis
613 1914 736 1968 custodes
753 1914 827 1984 sequi
847 1931 876 1965 se
894 1913 980 1984 jubet,
994 1913 1043 1984 pria

132 2001 246 2054 musque
269 1985 368 2038 invadit
390 1985 417 2038 iu
441 1985 554 2054 roperti.⁸
587 1986 646 2038 Nec
669 1984 766 2036 deiude
790 1984 931 2052 quisquam
953 1985 1043 2036 Mace·

132 2051 232 2106 donum
255 2054 378 2122 substitit,
403 2053 555 2123 relictisque
583 2054 737 2107 stationibus
763 2070 812 2106 sua
834 2061 933 2122 sponte
954 2070 1044 2121 regem
1138 2045 1140 2092 Ϊ

35 2135 39 2145 ’
132 2123 318 2192 sequebantur.
354 2123 500 2176 Multorum
512 2121 672 2177 miserabilis
684 2122 733 2176 luit
744 2139 829 2192 casus,
842 2139 910 2190 quos
922 2139 959 2175 ex
970 2139 1043 2192 prae·

133 2208 162 2245 ru
182 2201 209 2244 ta
229 2208 292 2260 rupe
311 2192 398 2262 lapsos
417 2193 504 2246 amuis
521 2193 711 2262 praeterfluens
729 2192 824 2260 hausit,
846 2192 920 2243 triste
941 2201 1044 2262 specta·

132 2209 222 2313 culum
246 2261 329 2314 etiam
352 2279 402 2314 non
425 2261 650 2332 periclitantibus,
673 2279 736 2314 cum
755 2277 817 2314 vero
840 2260 928 2313 alieno
955 2261 1043 2330 exitio,

131 2329 196 2398 quid
215 2330 279 2398 ipsis
297 2331 444 2384 timendum
463 2331 537 2402 foret,
550 2330 761 2400 admonerentur,
774 2331 801 2383 in
820 2339 924 2383 metum
943 2330 1045 2382 miseri·
1139 2393 1140 2396 Ἴ

132 2397 220 2452 cordia
233 2415 316 2468 versa,
329 2417 380 2452 non
393 2401 530 2466 extinctos,
540 2400 588 2453 sed
601 2401 758 2470 semetipsos
767 2399 910 2452 deflebant.
943 2400 977 2452 Et
989 2398 1046 2469 jam

132 2483 165 2522 eo
176 2475 332 2536 perventum
346 2478 409 2536 erat,
423 2467 494 2521 unde
505 2467 562 2520 sine
574 2470 690 2538 pernicie
702 2471 751 2523 nisi
764 2470 877 2522 victores
894 2468 981 2521 redire
993 2485 1046 2522 noo
1131 2496 1140 2538 vy

133 2545 247 2606 possent,
259 2537 377 2604 ingentia
395 2553 459 2590 saxa
477 2538 503 2590 iu
522 2537 667 2591 subeuntes
684 2537 897 2608 provolventibus
916 2537 1043 2608 barbaris,

132 2605 192 2676 quie
214 2605 328 2676 perculsi
351 2605 467 2660 instabili
490 2615 518 2659 et
540 2606 640 2660 lubrico
660 2608 743 2676 gradu
783 2607 924 2676 raecipites
944 2607 1046 2660 recide·
1138 2659 1140 2664 ,

133 2675 216 2732 haut.⁷
250 2676 396 2731 Evaserant
415 2686 504 2730 tamen
528 2676 680 2730 Alexander
706 2686 734 2730 et
761 2625 870 2746 guarus,
891 2693 959 2746 quos
983 2694 1046 2730 curn
1139 2681 1140 2704 l

163 2791 170 2816 ¹
180 2786 250 2834 With
260 2787 344 2848 regard
355 2797 380 2834 to
391 2786 439 2834 this
450 2787 621 2843 construction,
634 2803 675 2835 see
687 2789 785 2848 Zumpt,
799 2788 812 2839 l
824 2791 876 2843 394,
889 2800 947 2836 note
958 2793 980 2838 2.

161 2850 172 2876 ⁸
184 2845 264 2894 ‘That
273 2848 306 2928 by
317 2847 416 2908 making
426 2862 441 2894 a
451 2846 534 2894 circuit
546 2846 603 2908 they
612 2846 689 2908 might
701 2847 799 2896 deceive
811 2849 850 2904 (be
860 2848 995 2898 unnoticed
1003 2851 1046 2910 by)

133 2904 322 3012 ‘hlflillae

162 3021 322 3128 ‘Tbssasstoue
338 3033 406 3082 meu,
419 3023 460 3074 the
476 3024 531 3086 goel
546 3024 570 3073 in
586 3040 600 3073 a
614 3039 776 3082 rece-course,
793 3023 841 3074 had
856 3024 898 3073 the
914 3025 976 3074 torm
991 3024 1021 3074 os
1032 3041 1048 3075 a

133 3094 302 3208 'uglllhushis
317 3140 364 3208 and
379 3140 457 3211 clestsf
474 3141 567 3191 formed
582 3144 615 3204 by
625 3142 667 3191 the
683 3143 762 3190 action
777 3142 806 3191 ol
817 3153 900 3192 water.
933 3143 991 3212 The
1004 3142 1048 3197 elul

133 3197 219 3246 Indisn
229 3197 276 3266 hed
286 3198 375 3258 guided
386 3199 504 3269 Mullurus
515 3212 540 3248 to
551 3201 592 3249 the
603 3217 649 3250 oue
656 3201 722 3270 peak
733 3201 761 3250 of
767 3202 808 3249 the
819 3202 887 3258 rocli,
898 3213 1008 3270 opposite
1019 3212 1047 3251 to

133 3257 185 3305 that
196 3257 276 3304 which
285 3272 336 3304 was
347 3259 463 3318 occupied
473 3262 488 3307 b
517 3260 557 3307 the
569 3262 729 3309 barbarinos..
746 3260 802 3312 The
814 3271 871 3309 next
887 3261 958 3322 thing
974 3272 999 3310 to
1014 3263 1047 3311 bc

132 3313 194 3364 done
206 3331 257 3363 was
268 3327 293 3362 to
303 3315 338 3362 fill
348 3331 380 3374 up
391 3318 432 3364 the
443 3319 479 3366 cle
491 3329 521 3374 ts,
534 3319 581 3367 und
591 3319 648 3368 thus
659 3319 731 3368 resch
742 3319 782 3368 the
794 3319 863 3368 other
873 3320 945 3380 peak.

160 3379 170 3404 ⁸
183 3374 235 3421 ‘He
247 3389 341 3432 presses
352 3389 383 3421 ori
392 3383 417 3422 to
428 3375 469 3422 the
481 3377 555 3424 rocla!

161 3433 170 3457 ¹
183 3431 235 3500 ‘By
246 3432 326 3480 which
338 3432 397 3492 they
407 3449 471 3481 were
487 3435 579 3492 struck,
592 3436 648 3505 aud,
662 3437 724 3486 their
734 3435 808 3486 footin

132 3485 180 3534 aud
190 3489 303 3550 slippsry,
316 3505 381 3540 were
391 3505 449 3540 ever
458 3492 505 3541 and
516 3509 578 3542 anon
588 3495 672 3556 falling
682 3496 755 3545 down
765 3454 827 3546 heah

829 3438 915 3544 lbeing
931 3439 1045 3488 insecura

837 3513 894 3558 ung.

81 3653 139 3672 A..
