2278 3846
451 239 543 280 arara
562 241 591 279 v.
915 225 969 280 119

59 346 197 401 simusilla
217 361 295 416 qnae
313 347 449 417 petimusl
485 348 555 400 Inter
574 347 621 400 hos
640 347 776 402 latendum
794 355 842 420 est,
855 348 902 420 qui
923 365 970 402 nos

59 416 164 468 miseros
176 431 261 468 nosse
276 426 426 486 coeperunt.
463 417 536 468 Haec
551 418 706 470 Euctemon.

92 489 130 538 19.
142 486 245 538 Contra
258 486 422 538 Theaetetus
434 485 606 539 Atheniensis
618 503 692 539 orsus
704 493 744 539 est
755 487 859 539 dicere:
878 487 903 539 N
906 488 969 538 erni-

59 569 117 606 nem
128 553 207 622 pium
221 553 318 608 habitu
332 556 446 624 corporis
458 572 520 607 suos
532 557 742 625 aestimatururn,
755 555 845 624 utique
857 557 970 608 saevitia

59 623 145 694 hastis,
164 640 218 676 non
240 635 344 692 natura,
365 624 540 677 calamitosos.
580 625 692 692 Dignum
713 641 773 677 esse
795 625 867 677 omni
891 626 968 693 malo,

59 692 100 760 qul
118 693 296 746 erubesceret
315 691 434 746 fortuito:
454 694 555 746 tristem
576 696 646 746 enirn
667 694 701 747 de
722 693 888 746 mortalitate¹
903 694 969 746 serre

59 761 226 832 sententiam,
242 770 271 815 et
285 763 426 831 desperare
444 762 660 833 misericordiam,
673 763 736 832 quia
757 763 812 832 ipse
832 762 907 814 alteri
924 764 969 816 ‹le-

60 839 200 898 oegaturus
219 833 263 884 sit.
302 833 380 899 Deos,
393 833 463 902 quod
483 831 533 900 ipsi
551 849 686 901 nunquam
699 840 789 901 optare
801 832 859 883 ausi
877 831 968 899 forent,

60 897 150 952 offerre
168 901 296 968 patriam,
316 900 450 969 conjuges,
470 900 574 970 liberos,
594 910 621 954 et
664 899 771 1004 uicpuid
789 899 910 952 homines
927 903 970 954 vel

61 967 111 1020 rita
127 970 299 1039 ειεεῑίῐιιαιιῑ,Ι
310 969 353 1022 rel
365 979 449 1022 morte
470 957 610 1022 redimunt.
644 919 715 1028 huin
737 969 776 1022 illi
794 985 829 1020 ex
847 967 897 1022 hoc
915 988 968 1022 car-

62 1053 118 1089 cere
135 1049 328 1108 erumperent:
352 1039 435 1092 aliurn
461 1038 533 1092 domi
558 1056 618 1092 esse
644 1039 711 1092 coeli
736 1037 870 1108 haustum,
888 1037 971 1092 aliurn

62 1106 125 1158 lucis
141 1118 304 1176 aspectum:
324 1125 418 1177 mores,
433 1108 634 1178 sacra,linguae
652 1107 843 1160 commercium
859 1107 941 1160 etiam
955 1126 971 1159 a

62 1174 174 1229 berhario
185 1178 299 1248 expeti:
319 1194 387 1247 quae
400 1178 516 1246 ingenita
528 1178 577 1248 ipsi
594 1175 716 1229 omissuri
734 1177 785 1228 sint
804 1193 851 1229 sua
869 1187 969 1246 sponte,

64 1260 110 1296 non
128 1243 161 1298 ob
179 1246 256 1300 aliud
278 1256 335 1300 tam
354 1246 508 1316 calamitosi,
520 1263 602 1368 gnam
621 1245 690 1315 quod
710 1245 761 1298 illis
779 1262 869 1298 carere
886 1247 970 1299 coacti

64 1323 154 1366 essent.
190 1316 226 1369 Se
245 1325 321 1369 certe
340 1315 484 1370 rediturum
502 1333 519 1368 a
554 1325 664 1383 penates
676 1322 703 1368 et
715 1315 741 1367 in
753 1315 873 1384 patriam,
889 1323 970 1368 tanto·

65 1398 111 1449 que
122 1383 255 1438 beneficio
270 1385 340 1454 regis
353 1401 477 1439 usurum:
498 1386 520 1438 si
538 1400 603 1452 quos
621 1383 806 1453 contubernii,⁴
817 1384 970 1440 liberorum·

66 1467 118 1519 que,
131 1469 198 1521 quos
210 1456 329 1508 servitus
346 1455 476 1522 coegisset
493 1469 643 1521 agnoscere,
656 1470 731 1507 amor
742 1453 880 1520 detineret,
895 1454 970 1507 relin-

65 1526 187 1590 querent,⁶
198 1522 385 1594 quibusnihil
402 1523 486 1592 patria
497 1523 583 1576 carius
601 1530 681 1576 esset.
717 1521 798 1575 Pauci
816 1521 895 1592 hujus
913 1541 970 1576 serr·

67 1590 156 1643 tentiae
174 1593 268 1647 luere:
289 1601 392 1646 ceteros
409 1591 577 1659 consuetudo,
591 1600 683 1644 natura
694 1591 785 1662 potior,
798 1591 869 1644 vicit.
906 1593 971 1646 Con-

68 1670 204 1730 senserunt,
218 1661 367 1732 petendum
387 1677 446 1714 esse
458 1676 474 1712 a
487 1676 555 1740 rege,
568 1667 597 1712 ut
614 1660 731 1730 aliquam
743 1661 807 1730 ipsis
817 1661 971 1715 attribueret

68 1726 159 1782 sedern.
195 1732 314 1786 Centum
331 1730 365 1783 ad
384 1729 433 1782 hoc
451 1729 529 1782 electi
547 1738 623 1782 sunt:
643 1746 709 1799 quos
719 1729 872 1783 Alexander
891 1741 970 1799 ratus,

69 1797 130 1862 quod
147 1799 205 1868 ipse
223 1809 360 1871 praestare
378 1798 516 1866 cogitabat,
535 1799 669 1868 petituros,
681 1799 813 1866 lumenta,
826 1798 917 1868 inquit,
931 1818 971 1853 as·

69 1864 155 1934 Slgharl
173 1887 246 1939 quae
266 1887 314 1922 vos
332 1867 464 1936 veherent,
485 1876 512 1919 et
532 1866 643 1935 singulis
660 1876 778 1920 restrum
797 1867 872 1920 milia
892 1868 971 1922 dena·

69 1933 137 1988 rium⁶
153 1937 210 1992 dari
229 1939 307 2009 jussi.
342 1937 408 1989 Cum
421 1936 552 1988 redieritis
570 1937 595 1988 in
614 1936 764 2005 Graeciam,
777 1936 924 2006 praestabo,
938 1957 971 1990 ne

70 2005 117 2070 qui⁷
127 2015 223 2062 statum
237 2024 325 2074 suum,
339 2006 361 2057 si
374 2005 442 2057 haec
452 2005 592 2058 calamitas
609 2005 685 2075 absit,
698 2014 785 2058 vestro
803 2005 894 2058 credat
912 2024 973 2060 esse

71 2072 205 2130 meliorem.
242 2075 286 2130 Illi
303 2074 399 2128 obortis
417 2074 533 2126 lacrimis
551 2086 647 2127 terram
666 2074 842 2143 intuebantur,
859 2091 909 2126 nec
926 2087 972 2130 aut

71 2140 160 2210 erigere
181 2145 281 2214 vultus,
301 2151 348 2196 aut
371 2143 442 2212 loqui
462 2143 610 2197 audebant:
635 2143 743 2198 tandem
766 2159 827 2212 rege
851 2144 971 2198 tristitiae

72 2223 166 2264 cauam
179 2215 313 2283 exigente,
327 2213 473 2266 Euctemon
493 2212 590 2266 similia
604 2212 644 2282 iis,
658 2229 727 2283 quae
746 2213 771 2265 in
790 2212 898 2266 consilio
915 2214 971 2268 dix-

72 2289 125 2348 erat,
144 2283 288 2352 respondit.
326 2285 414 2364 Atque
433 2281 477 2334 ille
495 2299 546 2334 non
564 2282 684 2335 fortunae
703 2281 787 2334 solum
806 2299 905 2353 eornrn,
924 2285 971 2338 serl

73 2348 141 2422 etiam
150 2353 329 2419 poenitentiae
339 2359 470 2418 mrsertus,
480 2360 554 2404 terna
567 2352 640 2404 milia
648 2351 785 2405 denarium
798 2351 907 2422 singulis
915 2354 971 2408 dari

73 2417 151 2481 tussit:
164 2419 250 2475 denae
263 2431 352 2474 vestes
363 2419 484 2490 adjectae
498 2430 574 2490 sunt,
587 2429 613 2475 et
625 2429 746 2475 armenta
757 2437 819 2474 cum
832 2424 972 2490 pecoribus

74 2499 99 2535 δῦ
109 2484 234 2544 frumento
247 2491 317 2557 data,
330 2499 359 2542 ut
371 2490 420 2542 coli
434 2490 538 2559 serique
550 2491 692 2544 attributus
703 2491 737 2544 iis
783 2507 812 2543 er
823 2503 918 2560 posset.

103 2558 138 2610 Ἃ).
156 2559 262 2614 Postero
278 2559 322 2613 die
339 2571 496 2612 convocatos
513 2560 597 2614 duces
613 2560 750 2632 copiarum
785 2568 852 2630 ocet,
871 2562 972 2616 nnllam

99 2687 105 2709 ¹
164 2688 169 2697 ·
521 2693 527 2715 r
612 2691 617 2700 ·
662 2693 668 2715 r

78 2681 377 2850 ,ssapffiztigthtlzffing
387 2691 527 2796 lilbllalell'br
535 2690 691 2800 lllbnallllllllre
701 2749 730 2798 ol
742 2749 820 2805 velue,
834 2765 875 2796 see
889 2749 969 2799 Gram.

102 2859 137 2907 'A
147 2867 243 2922 particle
252 2866 281 2915 ol
288 2865 434 2914 excitement
445 2866 519 2914 here:
534 2867 609 2928 ‘they
618 2867 695 2928 might
705 2865 803 2933 rather.)
829 2864 876 2933 See
889 2865 968 2934 Grani.

79 2913 143 2973 l352.
155 2934 209 2973 note
220 2930 242 2974 4.
276 2926 350 2972 Aeto
369 2924 410 2972 the
426 2941 470 2973 use
489 2925 516 2972 ol
531 2926 572 2973 the
591 2926 745 2985 subjunctive
764 2939 788 2970 rn
806 2922 848 2969 the
869 2924 969 2973 rndrrect

80 2979 656 3112 llllcllleeleeteethlslllgrellglllbll'thlledcbllllleollbllrgirs
671 3054 741 3088 neme
757 3038 785 3087 ol
795 3043 969 3113 mntabcmiam

80 3099 100 3138 lo
108 3095 154 3144 thet
164 3101 241 3151 whrch
257 3102 298 3150 the
314 3101 402 3150 sorrner
417 3102 520 3162 spealrer
530 3101 611 3169 would
626 3099 687 3148 heve
698 3098 776 3147 called
786 3109 966 3150 nsotrrnroomm.

82 3147 154 3206 blares
164 3162 233 3210 could
243 3171 284 3210 not
297 3171 402 3209 contract
413 3177 427 3208 a
438 3161 501 3220 legal
512 3173 638 3219 marrrage.

94 3213 204 3280 fSupply
219 3223 245 3269 ii.
277 3219 325 3268 We
341 3235 397 3279 may
413 3219 558 3267 understand
574 3234 600 3266 as
616 3217 736 3278 gevemed
752 3218 785 3278 by
800 3221 963 3280 relinquerent·

81 3269 145 3336 either
157 3278 231 3327 ‘their
243 3279 343 3327 Persian
352 3279 426 3326 wives
435 3278 482 3325 arrd
493 3276 618 3332 childrem’
630 3291 657 3324 or
671 3275 754 3325 ‘those
765 3277 794 3326 ol
800 3278 863 3326 their
873 3292 964 3336 compa·

82 3339 139 3378 mons
147 3336 199 3385 who
210 3354 273 3386 were
284 3338 396 3397 disposed
407 3346 432 3384 to
442 3335 534 3384 remain
544 3335 568 3382 in
579 3335 620 3383 the
631 3335 749 3397 country!

105 3391 112 3416 ⁸
123 3391 157 3440 ‘A
167 3395 281 3446 thousand
292 3398 386 3444 decurii
396 3406 420 3442 to
431 3394 490 3442 each
501 3391 529 3442 ol
535 3393 599 3455 you!
632 3394 679 3444 See
692 3394 772 3445 Gram.
783 3394 797 3448 l
809 3397 858 3446 106.

105 3445 230 3515 'Forqar'a
263 3455 310 3504 See
324 3453 491 3506 erantne.
