2322 3850
142 223 179 280 ⁴2
407 236 447 277 ιιι
470 237 577 279 usaria
599 238 782 280 lanzanum.

140 347 282 401 clementia
328 362 390 399 narn
411 347 527 416 saevitia,
546 348 587 400 vis
611 363 670 400 esse
695 356 829 400 testatum.
863 347 921 400 Rex
942 345 1044 400 ὶιοιιιιιιι

140 417 259 470 animum
281 363 379 470 haltere
399 433 447 470 eas
465 416 549 487 jussit,
563 418 640 470 Darei
661 415 745 470 filium
762 417 829 470 collo
847 432 894 468 suo
911 415 1043 469 admovit:

140 495 220 554 atque
233 485 298 540 nihil
316 485 361 537 ille
379 495 522 555 conspectu
540 496 596 539 turn
610 487 722 557 primum
742 503 759 538 a
776 503 806 538 se
820 486 866 538 visi
879 486 1044 553 conterritus,

139 557 271 610 cervicem
289 555 347 625 ejus
367 555 488 608 manibus
509 555 685 626 amplectitur.
722 555 812 608 Motus
831 571 892 624 ergo
916 571 962 606 rex
983 570 1045 608 eou-

141 624 245 678 stantia¹
283 625 339 678 ueri
362 623 585 694 Hephaestionem
606 625 717 694 intuens,
731 641 812 695 quam
824 625 942 692 vellem,²
953 624 1044 694 inquit,

141 695 242 748 Dareus
253 642 353 764 aliquid
366 711 400 748 ex
412 694 463 747 hac
475 694 563 747 indole
575 693 723 748 hausisset!

175 767 215 816 3³.
234 763 304 818 Turn
325 764 494 817 tabernaculo
517 779 648 832 egressus,
670 764 753 816 tribus
769 762 822 816 aris
838 763 866 816 in
885 763 941 832 ripa
959 761 1044 816 Pinari

139 833 226 886 amnis
253 833 314 887 Jovi
341 844 423 903 atque
452 833 559 885 Herculi
581 833 774 903 Minervaeque
797 832 915 900 sacratis,
941 832 1045 900 Syriam

139 903 212 972 petit,
226 903 395 970 Damascum,
409 902 454 955 ubi
467 921 478 953 r
514 904 536 954 is
546 919 613 970 gaza
629 911 691 971 erat,
706 902 877 956 Parmenione
889 901 1045 971 praemisso.

139 975 227 1042 Atque
239 990 301 1025 curn
313 973 489 1042 praecessisse
543 972 580 1024 rei
598 980 730 1041 satrapam
742 971 935 1042 comperisset?
946 972 1047 1024 veritus

139 1059 173 1094 ne
191 1042 312 1112 paucitas
329 1058 434 1094 suorum
448 1050 621 1110 apemeretur,
634 1057 770 1093 accersere
788 1040 915 1110 majorem
933 1057 1046 1094 manum
1140 1055 1146 1070 ·

139 1113 238 1166 statuit.
274 1110 326 1164 Sed
343 1110 408 1162 sorte
428 1112 454 1162 in
474 1109 651 1179 exploratores
670 1108 705 1162 ab
725 1127 757 1162 eo
795 1110 935 1162 raemisscs
954 1109 1046 1164 incidit

139 1181 244 1235 natione
264 1180 383 1246 Mardus,
404 1178 449 1248 qui
468 1178 502 1230 ad
524 1179 698 1232 Parmeniona
717 1195 765 1249 per
785 1189 868 1248 uetus,
890 1179 992 1232 litteras
1011 1178 1046 1232 ad

138 1250 318 1304 Alexandrum
330 1265 346 1300 a
359 1247 492 1316 praelecto
504 1247 629 1301 Damasci
645 1247 743 1302 missas
759 1249 842 1301 tradit
855 1248 888 1318 ei,
901 1265 952 1302 nec
969 1248 1046 1302 dubi-

138 1329 194 1373 tare
214 1324 277 1372 edm
297 1317 372 1397 quin⁴
389 1332 497 1369 omnem
517 1317 618 1386 regiam
638 1317 832 1388 supellectilem
851 1335 912 1370 cum
932 1318 1047 1387 pecnnia

138 1389 260 1458 traderet,
269 1387 376 1457 adjecit.
407 1386 554 1456 Parmenio,
563 1387 692 1440 asservari
700 1401 732 1438 eo
740 1385 819 1456 jusso,
828 1387 931 1440 litteras
942 1387 1044 1456 aperit:

49 1519 52 1528 k
137 1459 163 1512 in
205 1457 336 1510 uicerat
359 1456 494 1524 scriptum,
520 1465 548 1508 nt
569 1465 672 1510 mature
695 1454 849 1510 Alexander
870 1456 988 1526 aliquem
1012 1473 1047 1509 ex

137 1527 198 1580 duci
219 1543 250 1579 us
273 1525 328 1578 suis
348 1525 463 1576 mitteret
484 1542 547 1578 cum
566 1542 647 1578 manu
668 1525 771 1593 exigua.
807 1524 899 1595 Itaque
919 1525 1048 1580 Mardum

135 1595 207 1650 datis
233 1594 374 1649 comitibus
401 1594 435 1646 ad
463 1595 622 1664 proditorem
648 1594 767 1646 remittit.
811 1594 860 1648 llle
882 1612 899 1647 e
920 1595 1048 1648 manibus

136 1663 340 1718 custodientium
353 1663 451 1732 lapsus,
465 1665 625 1718 Damascum
642 1671 705 1715 ante
722 1661 811 1716 lucem
823 1663 910 1717 intrat.
946 1664 1047 1718 Turba·

136 1742 211 1788 verat
222 1750 255 1786 ea
268 1750 310 1786 res
322 1731 505 1786 Parmenionis
521 1733 641 1786 animum
659 1731 771 1784 insidias
788 1732 915 1802 timentia,
928 1739 955 1784 et
975 1733 1048 1801 igno·

136 1813 193 1857 tum
217 1803 265 1856 iter
288 1801 346 1855 sine
370 1803 438 1855 duoe
462 1819 513 1856 non
535 1801 651 1854 audebat
671 1800 788 1870 ingredi:
813 1799 935 1854 felicitati
955 1809 1047 1854 tamen
1080 1801 1082 1806 '

136 1873 205 1942 regis
223 1873 261 1926 sui
280 1872 402 1941 conlisus,
421 1879 545 1940 agrestes,
564 1872 608 1940 qui
626 1868 710 1922 duces
728 1869 829 1924 itineris
846 1878 943 1940 essent,
957 1871 1047 1939 excipi

134 1943 221 2014 jussit.
257 1941 361 2002 Quibus
378 1941 498 1994 celeriter
516 1940 631 2008 repertis,
649 1947 743 2018 quarto
760 1939 805 1992 die
822 1937 856 1992 ad
874 1939 969 1993 urbem
989 1956 1048 2009 per-

135 2013 216 2083 venit,
227 2011 284 2083 jam
295 2018 432 2065 metuente
444 2008 586 2078 praelecto,
599 2025 633 2060 ne
644 2007 697 2060 arbi
714 2009 782 2061 fides
797 2007 889 2062 habita
900 2025 953 2062 non
964 2019 1046 2061 esset.

135 2083 217 2151 lgitur
238 2081 316 2151 quasi
339 2096 433 2150 parum
459 2077 631 2130 munimentis
659 2077 750 2148 oppidi
774 2078 869 2146 fidens,
891 2087 954 2131 ante
983 2077 1049 2131 solis

135 2160 220 2203 ortum
240 2150 382 2218 pecuniam
402 2147 502 2215 regiam
522 2146 628 2224 (gazam
651 2145 748 2199 Persae
769 2147 883 2216 vocant),
904 2163 967 2200 curn
988 2163 1047 2216 pre-

135 2217 285 2271 tiosissimis
303 2215 401 2269 rerum‘
418 2215 505 2267 efferri
522 2214 606 2284 jubet,
625 2215 718 2284 lugam
735 2216 873 2286 simulans,
886 2233 913 2268 re
931 2231 1004 2286 vera,
1018 2227 1048 2269 ut

134 2287 261 2358 praedam
273 2284 341 2338 hosti
353 2282 467 2336 offerret.

168 2360 211 2410 at.
228 2353 316 2408 Multa
326 2351 401 2406 milia
409 2351 524 2405 virorum
536 2351 750 2423 seminammque
761 2351 936 2406 excedentem
949 2353 1048 2424 oppido

134 2423 319 2495 sequebantur,
338 2420 461 2476 omnibus
478 2420 638 2475 miserabilis
656 2422 739 2491 turba,
757 2430 861 2491 praeter
878 2439 950 2492 eum,
969 2423 1049 2493 cujus

132 2492 355 2548 fideicommissa
372 2499 437 2544 erat.
472 2489 588 2560 Quippe⁷
605 2506 656 2560 quc
675 2491 757 2561 major
769 2488 923 2560 proditionis
939 2509 1048 2545 merces

133 2563 207 2634 foret,
228 2560 343 2615 obicere
363 2559 432 2612 hosti
451 2559 562 2630 parabat
581 2561 723 2629 gratiorem
743 2561 816 2612 omni
836 2560 951 2630 pecunia
970 2577 1046 2630 prae·

132 2633 203 2704 darn,
228 2579 330 2686 noliilee
351 2629 429 2698 viros,
453 2637 603 2698 praetorum
628 2628 705 2682 Darei
722 2628 855 2698 'conjuges
882 2628 1046 2698 liberosque,

131 2712 236 2774 prester
252 2701 302 2754 hos
319 2699 480 2753 Graecarum
504 2696 621 2750 urbium⁸
637 2696 746 2767 legatos,
765 2713 833 2766 quos
850 2697 954 2750 Dareus
971 2700 1047 2752 velut

132 2827 257 2886 olamcncy
268 2824 349 2874 rather
359 2824 417 2873 than
427 2821 551 2890 severity!
587 2821 707 2871 Tartarum
718 2841 769 2872 erae
778 2826 837 2879 uolo,
852 2823 880 2872 ¹1
891 2824 955 2872 wish
966 2834 993 2872 to
1003 2840 1047 2874 see

132 2901 148 2933 a
165 2886 234 2945 thing
250 2885 340 2932 known
357 2899 384 2932 or
401 2885 476 2931 borne
492 2891 593 2929 wrtnecr
608 2882 649 2929 to.’
681 2882 720 2929 As
735 2892 761 2930 to
772 2891 872 2931 terimur
883 2883 908 2931 in
921 2899 936 2932 a
947 2886 1046 2944 passiva

133 2958 213 2999 sense,
226 2958 267 2990 see
281 2944 360 2994 Gram.
373 2942 387 2994 i
400 2946 450 2999 139,
463 2950 520 2990 note
531 2944 555 2988 2.

163 3007 169 3029 ¹
181 3007 187 3027 ⁶
198 2996 327 3064 Confiding
339 3001 468 3050 boldness.’

160 3063 171 3089 ³
181 3059 260 3106 ‘How
270 3060 343 3107 much
354 3059 366 3107 Ι
378 3059 465 3109 should
476 3059 537 3108 have
548 3058 642 3107 wished
651 3059 666 3106 !’

161 3117 674 3224 :hilirinllinihlniiillmilillidii
687 3176 825 3225 erroneos
854 3176 881 3225 n
908 3178 996 3226 ·n'·
1038 3197 1044 3210 ·

132 3236 176 3284 hut
187 3251 234 3284 aaa
241 3210 320 3281 drlhito
330 3234 351 3282 is
362 3193 490 3285 construed
500 3236 552 3283 also
561 3193 696 3304 with'qglln.
721 3236 768 3303 See
779 3192 858 3284 Grada.
868 3192 944 3294 bladi,
952 3191 1045 3290 llldldedl

161 3301 170 3326 ⁸
180 3293 229 3341 For
238 3294 340 3353 qarbu&
358 3307 441 3352 every
452 3308 564 3342 common
575 3293 636 3341 form
647 3309 671 3342 ιιι
683 3294 790 3342 Curtius.

160 3357 169 3382 ⁸
180 3353 227 3399 See
237 3352 322 3407 above,
335 3351 404 3410 chop.
416 3355 453 3410 20,
467 3362 490 3399 at
501 3352 542 3399 the
553 3352 693 3414 beginning.

161 3415 170 3437 ¹
180 3409 325 3470 Equivaleut
336 3420 362 3456 to
372 3426 435 3456 noar.
838 3470 843 3478 ι
963 3441 970 3446 -

160 3467 203 3516 Ἰι
217 3467 305 3517 should
320 3467 431 3528 properly
442 3469 543 3527 perhaps
554 3469 584 3516 be
594 3470 725 3524 αὐἰιαιω,
737 3481 766 3515 aa
780 3467 823 3516 the
837 3469 989 3524 rehabitura
1004 3491 1046 3526 m

1145 2279 1147 2368 l

1143 2393 1146 2488 l
