2294 3842
136 217 196 274 248
404 229 443 270 us
467 229 573 270 cssris
595 229 776 272 aaaxsiruni.

136 339 207 394 haud
225 355 304 392 aeona
323 336 507 391 bamhantinm
525 337 747 407 ululantiumque¹
760 337 868 392 fremitu
881 341 1049 410 perterritas,

136 427 215 479 quam
229 409 250 462 si
264 407 449 477 proeliantium
459 407 559 460 clamor
570 418 642 460 esset
653 407 770 460 auditus.
808 408 913 462 Eadem
932 409 1050 465 felicius

137 478 172 532 ab
189 479 294 531 Oceano
312 487 475 530 revertentes
492 477 652 530 temulentos
668 477 897 546 comissantesque
916 478 984 532 inter
1000 495 1050 532 ora

136 546 250 600 hostiurn
263 547 338 600 texit.

170 621 212 670 at.
231 617 300 670 llinc
316 617 351 669 ad
370 619 513 684 regionem,
526 615 734 684 qnaeDaedala
752 625 867 682 iocatur,
886 626 1050 684 perventum

136 696 184 740 est.
230 687 407 740 Deseruerant
433 685 533 738 incolae
560 685 646 752 sedes,
664 694 692 737 et
718 686 745 738 in
765 685 839 737 avios
856 684 1050 756 silvestresque

136 763 241 810 montes
259 754 441 823 confugerant.
478 754 545 822 Erga
566 755 679 808 Acadira
696 754 794 822 transit,
814 769 903 822 aeque
924 765 1002 808 vasta
1022 766 1050 811 et

136 826 263 880 destituta
275 824 446 878 incolentium
458 822 530 891 luga.
567 824 658 892 ltaque
672 824 798 876 rationem
818 823 881 876 belli
900 826 1052 880 necessita

136 896 257 948 mutavit.
300 894 399 950 Divisis
421 894 492 944 enim
517 893 608 962 copiis,
634 892 755 961 pluribus
776 892 856 944 simul
881 893 950 946 locis
974 911 1051 950 aima

135 964 259 1033 ostendit,
276 965 447 1033 oppressique
474 962 518 1014 ubi
545 979 595 1014 non
617 971 821 1030 expectaverant
840 965 956 1032 tionem,
976 965 1050 1018 omni

136 1032 213 1088 clade
226 1032 363 1103 perdomiti
376 1042 445 1084 sunt.
475 1031 643 1084 Ptolemaeus
655 1031 782 1100 plurimas
793 1029 881 1098 urbes,
891 1032 1052 1086 Alexander

136 1103 269 1156 maximas
285 1103 371 1172 cepit:
391 1117 541 1170 rursusque,
561 1117 627 1168 quas
644 1101 821 1168 distribuerat,
839 1101 932 1168 copias
950 1101 1050 1170 junxit.

136 1171 262 1240 Superato
280 1172 377 1224 deinde
394 1170 513 1239 Choaspe
531 1171 630 1238 amne,²
641 1171 747 1222 Coenon
769 1169 795 1222 in
815 1168 955 1224 obsidione
977 1172 1051 1226 urbis

135 1243 277 1311 opulentae
291 1241 407 1308 (Beiram
420 1239 521 1291 incolae
535 1242 639 1309 vocant)
653 1239 772 1307 reliquit:
791 1239 849 1307 ipse
867 1239 901 1292 ad
916 1241 1049 1309 Mazagas

136 1311 217 1364 venit.
261 1312 303 1364 No
342 1326 352 1361 i
375 1312 518 1376 Assacano,
543 1309 620 1378 cujus
644 1325 753 1375 regnum
777 1307 870 1377 suerat,
894 1308 1046 1374 demortuo,

136 1380 251 1444 regionio
274 1396 305 1431 nr
326 1380 386 1448 ique
410 1390 528 1446 praeerat
553 1389 638 1432 mater
661 1378 719 1446 ejus
740 1377 873 1445 Cleophis.
909 1380 1047 1435 xxxviii

135 1449 209 1502 milia
229 1447 349 1518 peditum
371 1447 510 1500 tuebantur
529 1449 631 1516 urbem,
645 1465 693 1500 non
715 1448 764 1500 situ
785 1447 879 1515 solum,
894 1448 942 1501 sed
963 1451 1047 1506 etiam

134 1533 212 1585 opere
225 1518 363 1570 munitam.
398 1518 541 1586 Namque
561 1527 662 1586 spectat
682 1518 825 1583 Orientem,
838 1518 953 1583 cingitur
965 1536 1047 1574 amne

134 1587 248 1655 torrenti,
261 1587 305 1654 qni
319 1586 465 1654 praeruptis
477 1587 608 1654 utrimque
621 1587 684 1656 ripis
702 1587 805 1638 aditum
823 1586 856 1641 atl
878 1587 974 1642 urbem
996 1591 1046 1642 irn-

133 1653 214 1724 pedit.
251 1654 293 1708 nd
305 1653 477 1708 Occidentem
489 1666 516 1708 et
529 1672 545 1706 a
557 1656 672 1708 Meridie
684 1656 756 1708 velut
768 1656 802 1707 de
816 1655 946 1710 industria
965 1675 1046 1728 rupea

133 1724 263 1792 praealtas
280 1723 407 1778 admolita
426 1734 518 1776 natura
537 1726 597 1788 est,³
609 1725 675 1784 inira
694 1741 762 1793 quas
779 1741 910 1776 cavernae
921 1736 958 1782 ¹et
970 1741 1045 1782 tora-

132 1794 209 1860 gines
226 1793 303 1862 longa
315 1801 446 1846 vetustate
465 1794 490 1846 in
508 1794 591 1846 altum
610 1804 721 1846 cavatae
737 1793 834 1863 jacent,
847 1811 956 1862 quaque
974 1797 1044 1850 desi·

133 1873 205 1929 nunt,
231 1861 302 1916 losse
332 1863 445 1931 ingentis
472 1864 560 1932 operis
589 1863 694 1932 objecta
719 1873 769 1916 est.
805 1861 900 1916 XXXV
925 1866 1043 1922 stadium

132 1948 225 1986 murus
246 1933 339 1986 urbem
363 1932 553 2003 complectitur,
572 1931 649 2001 eujus
671 1933 792 1984 iiileiiora
815 1949 888 2001 saxo,
906 1937 1044 2003 superiora

131 2002 213 2054 cnido
238 2001 320 2054 latere
345 2011 406 2054 sunt
429 2011 535 2054 structa.
571 2003 658 2058 Lateri
683 2002 818 2054 vinculum
842 2002 949 2071 lapides
973 2015 1042 2074 eunt,

132 2088 200 2139 quos
221 2073 456 2140 interposuerant
480 2072 574 2123 duriori
594 2071 722 2124 materiae
745 2071 846 2140 fragilis
862 2071 1041 2143 incumberet,

131 2141 265 2209 simulque
289 2150 358 2192 terra
381 2139 491 2194 humore
514 2140 617 2193 diluta.⁴
650 2142 693 2193 Ne
717 2150 807 2193 tamen
831 2142 958 2194 uniuersa
981 2160 1041 2196 eon·

131 2210 236 2278 sideret,
251 2210 389 2278 impositae
401 2218 475 2262 erant
487 2209 576 2261 trabes
588 2210 690 2262 ualidae
703 2210 799 2278 quibus
811 2209 908 2278 injecta
920 2211 1042 2266 tabulata

130 2295 220 2332 muros
236 2287 263 2332 et
281 2279 415 2346 tegebant,
434 2288 462 2330 et
479 2279 583 2348 pervios
601 2280 740 2331 l'ecerant.⁶
775 2279 848 2332 llaec
872 2281 1041 2336 munimenta

129 2347 353 2416 contemplantem
371 2347 561 2417 Alexandnim,
581 2348 735 2416 consiliique
753 2349 892 2417 incertum,
905 2350 972 2417 qnia
990 2367 1041 2406 nec

128 2427 257 2468 cavernas
280 2416 329 2468 nisi
352 2433 449 2484 aggere
473 2426 573 2484 poterat
596 2417 706 2486 implere
733 2435 784 2470 nec
808 2426 939 2470 tormenta
963 2420 1040 2474 aliter

128 2485 210 2538 muris
232 2485 382 2551 admovere,
426 2484 516 2537 uidam
539 2504 555 2538 e
579 2503 653 2539 niuro
676 2487 771 2554 sagitta
794 2487 932 2556 percussit.
969 2491 1040 2544 Tum

128 2553 194 2606 lorte
207 2555 233 2606 iri
246 2571 335 2606 suram
353 2501 441 2608 lucilii
462 2555 558 2608 telum:
579 2555 654 2608 cn'ns
672 2556 772 2626 spiculo
790 2557 886 2624 evolso,
900 2558 1040 2613 admoveri

128 2640 228 2692 equum
244 2623 335 2693 jussit,
354 2634 518 2694 queremus,
532 2643 565 2678 ne
578 2575 693 2693 obligato
710 2626 820 2696 quideiii
832 2625 952 2694 vulnere,
966 2629 1039 2683 haud

128 2693 235 2761 segnius
246 2693 379 2747 destinata
390 2695 579 2762 exequebatur.
616 2695 740 2750 Ceterum
758 2713 819 2750 cum
836 2712 898 2748 cius
915 2699 1039 2752 saucium

157 2816 163 2838 ¹
177 2809 250 2861 Uirili
261 2811 308 2860 and
318 2811 344 2860 lo
355 2813 441 2862 Bccclie
451 2829 514 2861 were
527 2813 568 2862 the
579 2818 649 2866 usual
665 2819 726 2868 eries
742 2819 770 2868 of
780 2819 851 2868 those
867 2820 999 2882 employed
1015 2823 1039 2872 in

127 2867 275 2932 celebrating
286 2889 299 2919 a
310 2871 404 2920 festival
417 2873 440 2919 in
452 2872 543 2920 honour
554 2874 581 2922 ol
594 2875 712 2926 Bacchus.

158 2927 291 2978 ’Believed
309 2943 334 2979 tc
353 2933 383 2979 be
401 2931 441 2979 tlie
461 2931 560 2982 modern
578 2933 682 2992 Kameh‚
702 2937 782 2987 which
802 2939 864 2987 rises
885 2953 976 3002 among
995 2942 1039 2992 the

127 2987 240 3036 northern
252 2991 397 3045 mountains.
411 2990 456 3038 and
468 2991 522 3040 falls
534 2991 584 3040 into
595 2994 635 3042 ilie
649 2993 727 3044 Cabnl
739 2997 771 3052 (C
813 3005 859 3053 eii).

111 3107 114 3112 Ι
154 3050 179 3113 J‘
190 3046 284 3096 Nature
301 3048 353 3116 has,
371 3066 398 3097 as
414 3049 434 3098 if
452 3050 678 3112 intenticnnllytlor
693 3055 734 3103 the
750 3056 781 3104 de
791 3073 850 3106 erice
867 3057 895 3106 ol
907 3057 950 3108 the
967 3060 1035 3121 city),

126 3104 204 3152 raised
215 3121 247 3164 up
259 3122 316 3166 very
328 3107 385 3167 high
397 3107 486 3157 roclis.'

154 3163 225 3232 ‘Qui
241 3165 328 3232 author
344 3182 401 3214 uses
417 3168 457 3214 the
469 3168 535 3216 word
549 3171 649 3227 ‘earth’
667 3181 739 3232 terra,
758 3174 782 3222 in
799 3175 913 3238 generah
931 3178 976 3226 but
993 3179 1035 3228 the

125 3221 253 3280 particular
265 3222 323 3270 liind
334 3240 383 3272 was
395 3225 458 3284 clay,
473 3227 545 3280 loam.
558 3232 646 3289 argilla
658 3233 737 3288 limas,

154 3286 242 3345 ⁸Up0n
258 3286 384 3355 theustone
401 3291 458 3338 wall
468 3307 533 3341 were
550 3293 596 3341 laid
615 3305 681 3344 atron
715 3298 808 3354 hrains,
821 3298 868 3347 and
886 3315 919 3348 on
934 3302 1036 3353 thesea

124 3345 224 3392 wooden
235 3354 343 3392 erectiori
354 3361 406 3394 was
421 3350 500 3406 made,
514 3352 593 3400 which
610 3313 699 3403 serveh
706 3356 767 3405 botli
777 3373 804 3406 as
815 3367 889 3407 asort
900 3360 930 3408 of
941 3362 999 3410 roci
1009 3373 1035 3412 tn

123 3400 164 3446 tlia
173 3402 229 3449 wall
240 3402 286 3450 and
295 3418 323 3450 as
334 3419 348 3451 a
358 3419 442 3452 means
450 3407 478 3454 ol
484 3412 694 3463 communication.
717 3413 789 3465 Muri
795 3419 874 3478 pmii
884 3429 951 3480 aaut,
962 3421 1036 3472 when

123 3470 137 3502 a
147 3471 234 3513 person
245 3475 290 3508 cun
299 3476 331 3521 go
341 3461 401 3508 from
412 3478 458 3512 one
468 3477 520 3523 part
531 3477 556 3515 to
566 3470 674 3520 another.
