2278 3846
157 200 213 256 tta
422 213 461 254 os
485 212 592 254 cssrrs
610 210 796 252 euxinum.

155 323 252 378 locum.
288 321 381 390 Itaque
393 321 578 392 suppliciorum
590 334 697 396 qnoque
714 326 790 396 metu
808 317 923 386 perculsi
942 317 980 370 ad
999 317 1064 386 Sisy-

68 437 78 444 .
154 391 381 461 gambim,·Darei
400 399 521 458 matrem,
542 388 646 442 occulto
669 387 763 440 ttinere
784 397 854 455 rguot
890 404 925 438 us
948 385 1064 440 hostibus

156 463 263 514 mittunt
281 460 326 529 qni
345 468 471 530 peterent,
490 469 519 511 nt
537 459 595 527 ipsa
612 474 702 524 regem
721 456 864 524 mitigaret,
920 457 956 508 ud
977 456 1062 524 ignari,

156 532 272 599 parentis
292 546 353 582 earn
374 528 430 582 loco
450 527 524 596 diligi
544 527 657 595 colique.
694 526 728 578 Et
747 525 874 578 Medates
894 527 992 578 sororis
1012 523 1065 594 ejus

155 599 239 652 tiliam
259 615 350 652 secum
371 598 537 652 matrimonio
556 595 684 664 junxerat,
705 595 819 648 Dareum
841 593 993 663 propinqua
1011 611 1064 661 cog-

155 668 260 721 natione
290 666 452 735 cuutingens.
487 666 539 718 Diu
568 663 733 733 Sisygambis
761 663 912 783 supplicum
943 663 1064 731 precibus

156 738 318 806 repugnavit,
336 735 463 804 abnuens,
477 735 690 804 deprecationem
712 749 756 801 pro
774 731 792 784 il
805 732 828 784 is
846 733 908 786 non¹
926 732 1065 786 convenire

156 806 283 874 fortunae,
303 805 328 859 in
347 823 400 875 qna
417 815 502 858 esset:
521 804 673 874 adjicitque,
691 810 812 854 metuere
830 818 899 868 sese,
913 819 948 854 ne
962 801 1066 854 victoris

157 875 347 943 indulgentiam
360 874 489 944 fatigaret,
502 875 662 942 saepiusque
675 871 796 949 cogitare,
806 870 943 939 captivam
955 888 1063 938 essese,

156 957 237 1013 quam
251 945 368 1014 reginam
381 943 472 998 luisse.
509 941 551 996 Ad
564 941 765 996 ultimumvicta
777 939 871 992 litteris
883 939 1066 993 Alexandrum

158 1015 194 1066 ita
213 1014 357 1082 deprecata
374 1022 431 1066 est:
456 1021 485 1066 ut
504 1012 589 1081 ipsam
608 1018 755 1077 excusaret,
775 1009 844 1077 qnod
864 1007 1065 1078 deprecaretur:

156 1093 246 1154 petere
259 1100 296 1150 se,
310 1093 338 1136 ut
349 1082 402 1135 illis
412 1097 517 1152 qnoque
525 1097 533 1149 3
552 1081 574 1135 si
593 1079 700 1144 rninus,²
712 1078 762 1131 sibi
774 1078 938 1145 ignosceret:
958 1096 1008 1148 pro
1025 1095 1067 1130 ne-

157 1153 283 1206 cessario⁸
294 1169 327 1206 ac
338 1152 482 1230 propinquo
497 1167 552 1219 suo,
569 1149 623 1220 jam
642 1165 694 1200 non
711 1147 794 1216 hoste,
808 1146 855 1201 sed
868 1147 1001 1216 supplice,
1016 1159 1067 1200 tau·

156 1231 214 1276 tum
239 1222 320 1274 vitam
347 1237 458 1290 precan.
500 1218 711 1272 Moderationem
737 1217 963 1286 clementiamque
991 1217 1066 1285 regis,

175 1308 225 1344 uae
241 1300 303 1344 tnnc
318 1290 376 1358 fuit,
389 1289 443 1342 rel‘
454 1306 507 1342 una
518 1288 587 1342 baec
605 1303 648 1340 res
664 1286 745 1356 possit
763 1285 916 1340 ostendere:
938 1303 989 1338 non
1010 1287 1067 1340 Ma·

154 1309 211 1413 dati
224 1359 301 1413 modo
314 1359 419 1428 ignovit,
433 1358 481 1411 sed
496 1373 590 1411 omnes
607 1364 633 1408 et
651 1355 755 1412 deditos
770 1364 798 1408 et
813 1355 932 1424 captivos
944 1354 1067 1410 libertate

156 1439 235 1496 atque
260 1428 428 1482 immunitate
452 1427 566 1496 donarit,
586 1425 680 1480 urbem
705 1424 810 1494 reliquit
834 1426 969 1492 intactam,
993 1441 1069 1493 agros

157 1499 215 1550 sine
233 1497 328 1550 tributo
346 1496 432 1550 colere
450 1496 579 1566 permisit.
615 1496 640 1548 rt
658 1494 757 1548 victore
780 1495 866 1547 Dareo
886 1493 962 1564 plura
982 1503 1068 1548 mater

157 1583 206 1620 nou
220 1566 397 1634 impetrasset.

194 1640 233 1688 12.
253 1634 379 1689 Uxiorum
398 1635 459 1688 dein
477 1643 587 1704 gentem
604 1631 743 1686 subactam
760 1631 929 1686 Susianorum
945 1640 1068 1701 satrapae

157 1704 312 1758 contribuit:
337 1704 481 1774 divisisque
504 1720 568 1757 cum
591 1699 764 1755 Parmenione
788 1701 878 1770 copiis,
899 1701 975 1754 illum
996 1718 1067 1754 cam·

157 1775 237 1853 pestri
260 1775 353 1828 itinere
376 1775 519 1844 procedere
541 1771 632 1841 jubet,
656 1771 712 1840 ipse
732 1787 796 1824 cum
815 1771 940 1839 expedito
960 1771 1068 1836 agmine
1126 1773 1135 1822 ,l

155 1861 249 1913 jugum
267 1843 397 1898 montium
413 1844 492 1914 cepit,
505 1858 617 1913 quorum
636 1848 793 1910 perpetuum
810 1839 918 1892 dorsum
937 1839 963 1892 in
981 1839 1066 1892 Persi·
1132 1901 1133 1904 Ἴ

156 1913 219 1966 dem
240 1913 363 1968 excurrit.
399 1913 477 1968 Omni
494 1912 545 1966 hac
563 1911 669 1978 regione
688 1910 809 1978 vastata,⁵
827 1909 902 1962 tertio
920 1907 964 1962 die
982 1908 1067 1961 Persi-
1132 1913 1133 1922 ¹

156 1981 227 2048 dem,
244 1983 333 2052 quinto
350 1983 493 2051 angustias,
511 1997 579 2052 quas
596 1979 634 2032 illi
653 1979 761 2034 Susidas
778 1977 969 2050 pylas-vocant,
982 1977 1067 2030 intrat.

156 2053 347 2108 Ariobarzanes
370 2051 420 2106 bas
442 2067 505 2107 cnm
526 2049 597 2104 XXV
617 2048 727 2102 milibus
745 2047 867 2116 pediturn
890 2057 1067 2116 occupaverat

157 2139 184 2175 ru
222 2139 242 2190 s,
260 2122 379 2175 abscisas
397 2131 425 2175 et
445 2120 506 2174 und'
527 2136 561 2172 ue
580 2117 754 2240 praeruptas,⁰
773 2117 799 2170 in
817 2134 930 2186 quarum
949 2117 1065 2170 cacumi-

160 2192 186 2244 ni
208 2207 240 2243 us
251 2198 324 2243 extra
340 2191 386 2244 teli
407 2191 504 2243 'actum
553 2187 621 2242 rbari
632 2195 674 2238 ste
693 2196 746 2256 ant,
758 2187 793 2240 de
805 2186 933 2240 industria
943 2187 1030 2255 quieti
1042 2195 1067 2238 et

157 2258 315 2328 paventibus
338 2259 398 2312 simi
410 2276 448 2327 es,
469 2258 554 2312 donec
576 2257 604 2310 in
626 2255 773 2310 artissimas
792 2255 884 2310 lances
904 2257 1065 2324 penetrarsd

156 2344 261 2394 agmen.
304 2327 379 2385 Quod
398 2328 444 2381 ubi
461 2335 615 2394 contemptu
633 2326 674 2378 sui
692 2341 801 2394 pergere
819 2323 919 2393 vident,
934 2333 992 2378 turn
1004 2341 1066 2376 uero

157 2395 270 2463 ingentis
294 2395 482 2463 magnitudinis
502 2412 566 2449 saxa
586 2411 633 2464 per
653 2394 781 2450 montium
802 2395 892 2464 prona⁸
911 2393 1064 2461 devolvunt,

157 2481 226 2532 quae
245 2464 352 2519 incussa
369 2465 479 2534 saepius
496 2462 696 2532 subjacentibus
714 2464 796 2532 petris
813 2462 913 2516 ms'cre
926 2464 952 2516 vi
968 2463 1066 2516 incide·

157 2531 228 2600 bant,
249 2548 300 2584 nec
318 2533 435 2602 singulos
453 2533 539 2602 modo,
561 2531 608 2584 sed
628 2531 735 2599 agmina
754 2480 931 2602 proterebant.
969 2531 1067 2585 Fundis

156 2618 263 2672 quoque
285 2603 390 2656 excussi
414 2603 518 2673 lapides
540 2610 567 2654 et
590 2601 703 2669 sagittae
727 2601 842 2670 nudique
866 2601 1062 2670 ingerebantur.

922 2701 1034 2710 Ἣ

187 2744 194 2767 ¹
206 2739 244 2788 As
254 2737 384 2786 mancis
395 2735 532 2796 equivalent
542 2745 569 2783 to
578 2751 673 2802 negare,
686 2735 735 2784 this
749 2753 797 2784 non
811 2735 831 2784 is
842 2736 1007 2796 superfluous,
1020 2737 1065 2786 aud

157 2793 734 2925 oufldibltbpllrllsysrtsblldrlllyblllddigmillilblltiouos
740 2852 811 2922 ‘not'
830 2853 877 2902 See
885 2854 984 2914 Zumpt,
994 2855 1064 2906 tter.

187 2920 196 2943 ¹
209 2916 246 2983 ‘A
258 2915 332 2983 lrrend
341 2914 357 2972 ;'
374 2929 519 2963 nannenus
530 2926 657 2980 expresses
668 2927 697 2958 un
709 2922 824 2982 rptrmacy
835 2914 893 2962 brou
908 2913 937 2981 ,ht
949 2916 1023 2962 about
1036 2917 1065 2974 by

158 2973 314 3033 relationsbrp
330 2973 376 3022 aud
392 2973 448 3033 long
463 2980 642 3038 acquaintance,
657 2969 704 3020 and
720 2987 740 3020 rs
757 2987 781 3020 ru
796 2987 824 3020 so
839 2971 875 3020 lar
889 2929 1064 3034 distinguished

158 3031 220 3100 sporn
235 3034 322 3081 amicus
339 3040 362 3087 (a
377 3031 454 3080 friend
469 3031 497 3078 ol
508 3028 590 3077 choree
606 3028 653 3077 und
667 3029 797 3086 affection),
810 3030 857 3080 and
864 3032 1001 3093 familiaris
1013 3042 1064 3088 (une

158 3090 320 3196 qurpffiivrpltlbe
331 3107 398 3139 sume
408 3091 502 3143 house.)

188 3215 196 3240 ⁸
208 3207 249 3256 No
259 3206 335 3254 doubt
345 3209 449 3256 because
460 3207 501 3256 tbe
512 3206 690 3256 mountsiusers
701 3206 783 3256 would
795 3217 836 3256 not
847 3209 939 3258 submit

186 3272 196 3298 ⁸
209 3265 338 3321 ‘lsolated
351 3266 398 3313 and
408 3277 476 3326 steep
486 3282 518 3314 on
529 3267 561 3315 ull
571 3265 652 3314 sides!

188 3325 262 3374 'The
273 3324 425 3392 subjunctive
432 3325 459 3392 'is
471 3325 532 3393 used
546 3327 650 3374 because
661 3325 679 3374 it
690 3339 817 3385 expresses
828 3327 870 3375 the
880 3328 963 3388 object
973 3343 1001 3376 or
1010 3343 1061 3388 pur·

158 3399 217 3444 pose
227 3383 256 3432 os
267 3381 329 3430 then
339 3394 557 3488 mmmnrnzquret,
569 3383 617 3432 und
627 3382 735 3445 leigning
745 3384 801 3434 sear.

187 3440 345 3501 'According
353 3449 378 3488 to
386 3440 456 3488 usual
487 3443 825 3505 circummunientium.
841 3444 890 3494 See
900 3446 1062 3497 ambare
1132 3429 1133 3495 l
