2304 3842
145 223 201 280 178
404 233 443 272 os
467 233 574 276 cssrrs
592 233 779 274 ursxrrrnm.

143 347 210 406 Quis
221 344 265 398 ille
277 341 349 396 haud
361 359 424 394 sane
437 349 531 410 motus,
546 341 662 410 satisque
674 342 797 413 prudens,
811 343 857 396 otii
869 343 934 396 vitia
946 344 1054 412 negotio

144 414 249 482 discuti,
259 412 345 480 edicit,
356 420 385 465 ut
397 427 490 466 omues
502 412 527 464 in
541 411 671 464 vestibulo
684 412 772 480 regiae
785 422 888 482 praesto
901 414 962 464 siut.
983 413 1055 472 Quos

145 485 191 538 ubi
203 484 357 552 frequentes
368 482 463 536 adesse
475 481 604 550 cognovit,
619 483 644 534 in
657 481 803 534 contionem
817 483 955 552 processit.
975 483 1053 535 Haud

145 554 226 607 dubie
239 569 273 604 ex
285 553 429 622 composito
442 550 577 604 Atharrias
594 549 725 620 postulare
744 553 839 621 coepit,
853 560 881 606 ut
894 552 1054 622 Lyncestes'

145 621 304 692 Alexander,
324 623 370 691 qui
390 619 473 674 multo
493 629 554 672 ante
574 636 653 688 quam
675 619 790 672 Philotas
814 638 904 688 regem
925 619 1054 674 voluisset

145 692 274 760 occidere,
288 690 478 744 exhiberetur.²
511 693 536 742 A
548 688 652 741 duobus
663 689 802 756 indicibus,
817 691 883 742 siout
896 707 976 760 supra
989 691 1054 744 dixi-

145 779 214 830 mus,
227 761 339 828 delatus,
354 761 459 812 tertium
476 758 531 828 jam
550 775 648 810 anuum
670 759 866 811 custodiebatur
886 760 911 812 in
932 761 1053 814 vinculis.
1146 773 1147 818 5

147 831 270 886 Eundem
282 833 307 882 iu
321 829 434 900 Philippi
445 843 550 906 quoque
560 827 672 880 caedem
681 827 832 898 conjurasse
840 846 901 881 cum
913 829 1052 900 Pausania,

146 917 192 972 pro
204 909 338 971 comperto
356 899 406 952 fuit
413 915 421 968 3
440 897 488 976 sed
501 913 562 966 quia
575 898 675 975 primus
687 897 866 950 Alexandrum
880 915 971 967 regem
987 901 1054 952 salu·
1146 909 1147 946 1

147 979 256 1040 taverat,
270 969 398 1040 supplicio
410 985 496 1046 magis
507 983 587 1044 quam
600 966 701 1018 cumini
714 967 799 1020 fuerat
811 981 960 1047 exemptus.
980 970 1054 1022 Turro

147 1057 252 1109 quoque
264 1038 394 1108 Antipatri
412 1053 496 1090 socen
514 1053 573 1105 eJus
590 1053 683 1106 preces
697 1036 796 1105 justam
810 1055 878 1106 regis
890 1055 957 1091 tram
972 1057 1055 1092 mora·
1143 1067 1147 1082 ÷

147 1109 250 1162 bantur.
287 1109 410 1162 Ceterum
428 1105 559 1160 recruduit
578 1114 712 1174 soporatus
731 1106 816 1159 dolor:
841 1107 938 1228 quippe
958 1112 1056 1162 veteris

148 1179 259 1250 periculi
272 1177 426 1230 memoriam
440 1175 585 1252 praesentis
596 1192 658 1227 cura
671 1175 822 1228 renovabat.
860 1178 929 1244 gitur
939 1178 1055 1231 Alexan·

148 1249 196 1302 der
213 1265 248 1300 ex
264 1247 385 1300 custodia
402 1245 532 1306 educitur,
548 1261 690 1366 pussusque
709 1243 806 1314 dicere,
820 1263 984 1315 quamquam
1003 1257 1055 1302 toto

148 1318 259 1370 triennio
277 1316 421 1370 meditatus
439 1323 494 1367 erat
511 1313 545 1366 de

558 1316 702 1382 ensionem,
717 1323 806 1367 tamen
818 1313 954 1369 haesitans
966 1326 994 1370 et
1008 1329 1056 1370 tre·
1146 1335 1147 1342 ¹

148 1387 227 1458 pidus
244 1403 329 1456 pauca
347 1402 381 1438 ex
399 1384 447 1453 his,
460 1400 529 1452 quae
547 1392 738 1452 composuerat,
752 1384 864 1453 protulit,
878 1385 911 1437 ad
931 1387 1054 1440 ultimum
1146 1379 1147 1440 Ῠ

149 1473 199 1510 non
219 1455 347 1508 memoria
367 1452 460 1522 solum,
474 1453 521 1505 sed
540 1452 621 1506 etiam
639 1470 717 1504 mens
734 1471 797 1506 eum
815 1453 943 1508 destituit.
981 1456 1057 1510 Nulli
1146 1463 1147 1478 ³

148 1533 205 1578 erat
217 1525 336 1592 dubium,
348 1523 413 1592 quin
430 1521 568 1592 trepidatio
580 1522 758 1575 conscientiae
770 1523 896 1578 indicium
910 1535 991 1595 esset,
1005 1544 1056 1580 non

148 1593 295 1647 memoriae
308 1593 409 1646 vitium.
445 1589 537 1660 Itaque
550 1607 584 1644 ex
596 1590 644 1660 his,
658 1593 702 1660 qui
720 1593 832 1660 proximi
850 1594 997 1665 astiterant,
1011 1596 1056 1650 ob·

149 1663 293 1716 luctantem
305 1661 394 1714 adhuc
405 1660 529 1713 oblivioni
542 1659 642 1713 lanceis
653 1661 846 1714 confoderunt.a

184 1737 207 1785 2.
227 1731 309 1802 Cujus
325 1747 432 1800 corporo
449 1730 544 1800 ablato,
558 1747 605 1783 rex
622 1730 750 1783 introduci
767 1731 844 1801 jussit
862 1735 1012 1804 Amyntam
1030 1745 1057 1788 et

147 1803 303 1856 Simmiam:
322 1817 385 1854 uam
404 1799 538 1870 Polemon,
550 1801 677 1854 minimus
692 1817 728 1852 ex
747 1801 875 1872 fratribus,
889 1821 949 1856 cum
970 1804 1057 1856 Philo·

149 1882 202 1924 tam
234 1871 347 1940 torqueri
376 1870 556 1950 comperisset,
584 1869 742 1939 profugerat.
779 1871 903 1926 Omnium
934 1873 1057 1928 Philotae

147 1941 293 1994 amicorum
311 1939 338 1992 hi
357 1940 487 1992 carissimi
505 1939 616 2006 fuerant,
629 1939 664 1990 ad
680 1955 776 2007 magna
788 1949 815 1992 et
827 1940 952 1993 honorata
965 1944 1058 1998 minis-

148 2012 213 2064 teria
236 2010 307 2063 illius
330 2009 447 2062 maxime
471 2009 656 2076 suffragatione
680 2009 816 2078 producti,
843 2011 1058 2082 memineratque

148 2097 202 2150 rex,
224 2095 328 2133 summo
352 2078 437 2132 studio
461 2078 495 2131 ab
519 2093 551 2130 eo
574 2075 736 2129 conciliatos
759 2079 815 2148 sibi,
835 2097 885 2133 nec
906 2080 1057 2152 dubitabat,

148 2149 227 2220 hujus
245 2165 350 2219 quoque
368 2147 455 2200 ultimi
472 2146 573 2200 consilii
591 2146 684 2200 fuisse⁵
700 2148 848 2226 participes.
885 2149 975 2220 Igitur,
993 2151 1058 2206 olim

147 2221 197 2272 sibi
216 2235 275 2271 esse
294 2225 431 2286 suspectos
449 2218 541 2269 matris
555 2233 619 2269 suae
633 2214 733 2287 linens,
746 2217 842 2286 quibus
854 2229 924 2272 esset
937 2221 1059 2276 admoni-

148 2297 198 2356 tus,
211 2298 239 2340 ut
256 2285 291 2340 ab
309 2287 352 2338 his
369 2286 483 2338 salutem
501 2303 578 2338 suam
597 2294 721 2338 tueretur.
758 2287 882 2340 Ceterum
897 2307 926 2342 se
942 2290 1059 2346 invitum

146 2357 276 2410 deteriora
288 2355 450 2420 credentem,
463 2371 534 2408 nunc
546 2355 694 2408 manifestis
705 2355 810 2408 indiciis
822 2357 931 2426 victum,
944 2359 1058 2430 jussisse

147 2426 249 2478 vinciri.
285 2425 356 2476 Nam
374 2423 458 2493 pridie
476 2440 557 2492 quarn
570 2423 737 2491 detegeretur
749 2421 867 2478 Philotae
880 2427 978 2498 scelus,
992 2433 1058 2500 quin

147 2494 258 2550 secret0⁶
270 2509 333 2546 cum
345 2509 377 2544 eo
390 2491 509 2560 fuissent,
527 2509 578 2544 non
596 2510 673 2562 posse
693 2493 815 2548 dubitari.
851 2495 970 2550 Fratrem
986 2516 1058 2570 vero,

147 2564 192 2634 qui
210 2562 359 2634 profugerit,
376 2578 439 2614 oum
456 2561 491 2614 de
509 2561 611 2614 Philota
629 2573 805 2632 quaereretur,
821 2567 958 2634 aperuisse
977 2567 1059 2636 fugae

147 2651 266 2688 oausam.
294 2633 385 2702 Nuper
397 2633 511 2701 praeter⁷
521 2631 749 2704 consuetudinem,
759 2633 839 2686 officii
853 2635 950 2705 specie,
961 2639 1059 2691 amotis

149 2769 184 2871 L¹
196 2765 219 2812 A
231 2779 301 2833 name
312 2761 340 2811 of
351 2779 366 2810 a
376 2763 437 2811 tribe
448 2778 475 2811 or
485 2778 546 2812 rane.
577 2763 602 2810 A
613 2763 705 2811 district
720 2763 748 2811 of
760 2761 905 2812 Macedonia
914 2777 968 2814 was
979 2766 1058 2830 called

171 2834 284 2884 yncestrs.

175 2881 306 2930 '‘Should
320 2883 351 2930 be
367 2881 471 2942 brought
487 2881 596 2930 forword’
609 2890 635 2930 to
645 2880 707 2938 trial,
721 2895 747 2928 or
757 2881 838 2929 rather
847 2881 952 2943 perhaps
963 2893 990 2932 to
1001 2900 1057 2934 corr·
1144 2938 1145 2941 ,

148 2942 294 2990 damnation.

175 3001 286 3060 ⁸Supply
298 3009 340 3049 out
351 2999 379 3049 of
391 3018 417 3048 ec
427 3003 463 3048 ln's
474 3001 516 3060 qni
525 3002 650 3048 astiterant
664 3000 766 3056 ‘some'
782 3001 881 3062 aliquot,
894 3006 1018 3062 nonnulli,
1030 3019 1057 3052 us

147 3061 293 3109 nominative
305 3069 330 3106 to
340 3058 500 3120 confoderunt.

176 3125 185 3148 ⁴
195 3118 341 3177 Equivalent
351 3122 557 3175 recommendans,
574 3117 787 3168 ‘recommended'
805 3119 835 3168 Iu
843 3119 884 3167 the
894 3120 976 3169 fourth
984 3123 1056 3184 chap-

147 3188 192 3233 ter,
205 3179 308 3224 troditns
320 3177 341 3223 is
351 3176 412 3224 used
423 3177 447 3224 in
457 3177 498 3224 the
509 3193 576 3226 same
587 3193 666 3225 sense.

177 3236 232 3283 ‘As
243 3244 268 3283 to
279 3251 326 3281 non
336 3237 416 3282 dubito
426 3235 539 3284 followed
550 3239 582 3297 by
593 3236 633 3284 tho
644 3236 780 3285 accusative
792 3237 852 3286 with
867 3238 909 3286 the
926 3237 1055 3298 infinitive,

146 3292 472 3421 mssghismisdngdd’alidtetde
487 3354 591 3404 ablativo
607 3355 714 3415 singular
729 3343 815 3403 neuter
829 3355 857 3402 of
868 3366 982 3417 emano,
996 3358 1057 3409 used

145 3410 301 3470 adverbially.
332 3409 379 3456 See
416 3427 472 3460 rom.
485 3413 559 3471 l2l9,
572 3417 593 3462 b.

177 3469 338 3529 “Equivelent
350 3478 375 3516 to
385 3477 473 3518 contro.
505 3473 552 3520 See
564 3473 661 3531 Zumpt,
675 3471 748 3522 §302
