2274 3844
451 245 544 287 arnan
564 247 616 287 vn.
928 229 988 288 aot

71 357 178 428 sagitta,
192 365 294 426 patera.
330 355 380 409 llis
397 357 493 409 utimer
511 366 538 408 et
556 373 619 408 oum
637 354 733 407 amiciti
749 361 777 406 et
794 354 924 408 adversus
941 356 989 408 ini·

71 429 162 481 mices.
203 426 306 496 Fruges
317 427 413 479 amicis
424 426 520 480 damus
532 428 612 479 boum
625 425 714 478 labore
726 423 877 494 quaesitas;
889 426 994 494 pateral

70 514 134 550 cum
155 496 253 549 iisdem
272 497 366 549 vinum
385 496 436 548 diis
455 497 586 564 libamus3
612 495 733 548 inimicos
756 495 852 562 sagitta
876 498 989 565 eminus,

71 568 149 619 hasta
168 567 320 619 cornminus
337 567 464 636 petimus.
500 567 542 618 Sic
561 566 654 636 Syriae
670 581 762 632 regem
778 573 805 616 et
822 574 914 633 postea
929 567 990 618 Pet·

72 653 163 689 sarum
183 637 381 706 Medorumque
400 637 591 706 superavimus,
605 636 744 705 patuitque
756 634 832 686 nobis
845 634 894 687 iter
906 652 991 705 usque

72 708 98 759 in
120 708 298 776 Aegyptum.l
333 711 368 760 At
390 716 426 774 tu,
449 707 494 776 qui
518 714 544 758 te
567 705 686 774 gloriaris
708 703 742 756 ad
766 703 881 757 latrones
903 723 989 774 perse-

71 776 195 848 quendos
219 777 320 846 venire,
344 777 464 828 omnium
494 777 622 845 gentium,
647 791 715 844 quas
743 774 831 843 adisti,
857 775 922 826 latro
952 792 990 828 es.

71 847 188 918 Lydiam
212 847 322 916 cepisti3
346 846 449 916 Syriam
472 863 538 898 occu
558 847 624 914 asti3
649 843 786 898 Persidem
811 852 902 912 tenes;
927 845 992 898 Bac·

71 917 172 969 triaiios
196 915 281 968 habes
305 916 334 968 in
357 923 488 986 potestate
496 932 504 984 3
533 863 613 968 fiidos
635 914 742 984 petisti3
772 913 828 984 jain
852 915 934 967 etiam
957 914 992 968 ad

71 1003 169 1056 pecora
194 995 283 1038 nostra
301 1001 396 1038 avaras
415 993 442 1038 et
462 985 625 1038 insatiabiles
649 1001 744 1037 manus
768 984 886 1053 porrigis.
922 984 991 1042 Quid

72 1057 120 1109 tibi
134 1055 236 1108 divitiis
247 1072 314 1126 opus
326 1065 374 1122 est,
388 1071 459 1125 quae
477 1055 576 1108 esurire
595 1055 714 1124 coguntl
749 1053 855 1106 Primus
871 1055 992 1107 omnium

72 1125 199 1179 satietate
218 1127 315 1194 parasti
335 1125 435 1178 samem
445 1142 452 1192 ;
470 1134 499 1177 ut
517 1141 569 1194 quo
587 1124 662 1194 plura
681 1123 802 1192 haberes,
815 1124 909 1193 acrius,
923 1140 992 1193 quae

72 1213 124 1248 non
149 1194 243 1265 habes,
265 1211 387 1266 cuperes.
423 1196 483 1248 Non
508 1195 636 1248 succurrit
660 1194 716 1263 tibi,
738 1193 868 1263 quamdiu
891 1195 992 1246 circum

72 1266 180 1318 Bactra³
202 1265 335 1318 haereasl
359 1266 424 1318 duni
448 1265 507 1317 illos
530 1265 637 1334 subigis,
662 1263 786 1332 Sogdiani
812 1263 913 1316 bellare
933 1279 993 1316 coc·

71 1343 178 1405 perurit.
215 1334 320 1388 Bellum
345 1336 392 1388 tibi
416 1351 451 1388 ex
472 1336 582 1387 victoria
606 1333 731 1387 nascitur.
767 1334 842 1387 Nam
860 1343 889 1386 ut
909 1333 994 1403 major

71 1406 219 1474 fortiorque
237 1404 275 1456 sis
293 1421 374 1474 quain
392 1408 541 1474 quisquam,
555 1414 646 1457 tamen
658 1403 836 1473 alienigenam
854 1403 993 1457 dominum

73 1477 128 1545 pati
141 1491 223 1527 nemo
236 1474 300 1526 vult.

107 1549 149 1596 35.
170 1545 265 1596 Transi
284 1544 362 1598 modo
381 1544 510 1597 Tanaim:
530 1543 608 1613 scies,
621 1561 704 1612 quam
720 1544 773 1596 late
784 1553 907 1614 pateant;
926 1561 992 1598 nun·

72 1631 155 1684 quam
168 1623 260 1666 tamen
273 1615 444 1685 consequeris
461 1614 582 1684 Scythas.
619 1613 766 1684 Paupertas
777 1625 866 1667 nostra
878 1614 993 1668 velocior

71 1685 129 1754 erit,
149 1701 233 1754 quarn
252 1686 470 1754 exercitualem,
490 1683 533 1754 qui
552 1683 681 1754 praedam
700 1692 737 1736 tot
754 1685 889 1737 nationum
909 1685 991 1738 vehit.

72 1755 174 1808 Rursus
186 1771 250 1806 cum
266 1755 356 1823 procul
374 1754 470 1808 abesse
489 1769 537 1807 nos
555 1752 656 1822 credes,
670 1753 775 1806 videbis
787 1755 813 1806 in
826 1755 879 1806 tuis
891 1756 991 1807 castris.

72 1824 179 1878 Eadem
194 1825 267 1876 enirn
280 1824 422 1878 velocitate
434 1832 461 1877 et
474 1824 618 1902 sequimur²
632 1831 659 1875 et
670 1821 798 1944 fufiimus.
834 1824 993 1894 Scytharum

71 1893 232 1947 solitudines
254 1894 365 1948 Graecis
388 1895 471 1948 etiam
494 1892 640 1965 proverbiis
663 1908 698 1944 au
718 1893 742 1944 io
763 1893 856 1945 eludi.⁴
891 1896 926 1946 At
945 1909 993 1946 iios

71 1963 183 2017 deserta
201 1972 228 2015 et
247 1965 365 2017 humano
383 1961 457 2018 cultu
475 1979 561 2016 vacua
579 1962 667 2084 mayis
685 1977 768 2031 quam
788 1962 867 2015 urbes
884 1972 911 2015 et
929 1979 993 2032 opu·

72 2035 160 2087 lentos
190 2050 268 2102 agros
291 2051 319 2087 se
338 2034 446 2087 uimur.⁵
483 2031 598 2087 Proinde
638 2039 760 2086 ortunam
791 2040 865 2084 tuam
914 2033 993 2084 reseis

71 2103 200 2157 manibus
212 2103 294 2156 tene.⁸
320 2051 437 2158 lubrica
445 2114 494 2173 est,
504 2119 555 2156 nec
567 2102 649 2154 invita
662 2102 746 2154 teneri
758 2109 853 2172 potest.
918 2102 993 2154 lubre

72 2173 218 2227 consilium
239 2190 355 2242 ιειιιιιιιιι
374 2191 455 2245 quam
475 2189 603 2244 praesens
622 2179 730 2242 tempus
749 2171 866 2226 ostendit
886 2171 991 2224 melius.

72 2245 186 2313 Impone
206 2243 328 2297 felicitati
348 2252 411 2298 tuae
431 2243 537 2312 frenos3
561 2241 665 2295 facilius
688 2241 762 2296 illam
783 2257 868 2310 roges.
904 2242 993 2296 Nostri

73 2315 132 2367 sine
152 2312 268 2383 pedibus
287 2313 378 2368 dicunt
398 2313 617 2381 assessionem,
637 2327 707 2382 quae
723 2321 821 2366 manus
841 2320 868 2364 et
887 2312 993 2382 pinnas⁷

72 2392 179 2437 tantuin
198 2382 295 2452 habet;
313 2401 376 2438 cum
394 2399 490 2436 manus
507 2383 620 2453 porrigit,
638 2383 731 2452 pinnas
749 2399 855 2453 quoque
873 2399 992 2452 compre·

72 2454 194 2507 bendere
214 2469 264 2506 non
286 2455 355 2507 sinit.
392 2455 514 2523 Denique
535 2452 557 2505 si
575 2453 643 2506 deus
658 2469 695 2523 es,
709 2453 825 2507 tribuere
838 2452 993 2506 mortalibus

72 2523 207 2578 beneficia
231 2522 322 2595 debes,
343 2540 395 2576 non
419 2541 468 2576 sua
488 2523 608 2593 eripere;
633 2523 673 2576 sin
693 2534 786 2576 autem
805 2523 885 2577 hoino
906 2541 943 2591 es,
966 2522 992 2575 id

71 2594 145 2664 quod
161 2609 199 2658 es,
213 2609 320 2664 semper
337 2610 398 2647 esse
415 2603 443 2646 tc
461 2594 554 2662 cogita.
592 2592 706 2646 Stultum
726 2603 767 2646 ost
786 2610 878 2646 eorum
897 2593 992 2646 meini-

71 2666 151 2732 nisse,
176 2672 283 2733 propter
306 2681 376 2734 quae
400 2665 438 2717 tui
461 2663 646 2718 obliviscaris.⁸
686 2663 789 2722 Quibus
813 2662 915 2715 bellum
939 2679 991 2716 non

101 2793 108 2814 ¹
120 2785 298 2834 Instrumental
308 2785 422 2834 ablative.

99 2849 110 2875 ²
120 2847 157 2892 At
169 2845 202 2892 all
212 2854 308 2901 events,
319 2861 357 2892 we
369 2845 442 2892 lrnow
450 2844 503 2892 that
512 2861 527 2892 a
536 2843 654 2904 Scythica
660 2857 716 2890 vrnce
726 2839 894 2908 <towardsthe
905 2839 953 2908 end
961 2839 989 2887 of

71 2905 113 2954 the
130 2904 235 2952 seventh
250 2914 335 2952 centur
362 2905 444 2952 before
462 2904 563 2958 Christ).
577 2904 602 2951 in
612 2902 706 2962 pursuit
718 2899 746 2947 of
758 2899 800 2968 the
817 2899 988 2955 Cimmeriam,

71 2979 175 3012 overran
187 2964 229 3033 tlie
240 2974 327 3011 westo
345 2964 417 3033 Asia,
431 2979 457 3012 as
469 2963 505 3012 far
515 2978 542 3012 as
555 2963 630 3016 Gaza,
644 2960 691 3008 and
706 2959 742 3007 for
753 2975 767 3006 a
777 2968 836 3006 truie
852 2957 909 3006 held
922 2973 991 3018 sivay

70 3023 388 3131 ovfllilifiliaiiinilssirllfer
398 3098 479 3140 sense,
492 3083 529 3130 for
539 3081 581 3130 the
592 3080 674 3141 places
690 3093 748 3126 near
762 3075 804 3126 the
820 3077 835 3126 J
838 3054 934 3126 axarfes
950 3092 990 3125 are

70 3153 209 3310 {ilignae
220 3217 235 3249 a
245 3201 380 3261 proverbial
391 3201 533 3262 expression
544 3213 633 3260 among
643 3197 685 3246 the
698 3195 803 3255 Greeks,
819 3202 861 3247 ‘as
871 3198 952 3247 desert
963 3212 990 3245 as

90 3272 188 3368 oy‘tpye
200 3320 254 3368 love
266 3335 333 3368 inore
341 3321 358 3378 ς’
376 3321 429 3368 that
440 3320 470 3377 is,
478 3319 593 3427 '‘prefer!

99 3387 109 3412 ⁸
123 3380 207 3430 ‘Hold
217 3395 279 3448 your
288 3380 383 3429 fortune
393 3380 441 3428 fast
452 3391 496 3449 wit
524 3394 585 3440 your
595 3377 673 3426 hands
683 3377 792 3448 closed’·

101 3445 109 3468 ¹
123 3439 196 3488 ‘The
210 3455 276 3501 wing
291 3439 406 3495 feathers,
419 3455 447 3487 or
457 3440 560 3500 wings3'
575 3440 667 3502 pinnae
683 3453 723 3486 are
739 3453 754 3486 a
769 3437 845 3486 brrd’s
861 3451 945 3486 means
961 3437 989 3488 of

70 3499 152 3591 ffiplqt,
165 3499 213 3568 and
225 3515 264 3568 are
276 3499 333 3568 here
344 3498 404 3548 used
415 3515 442 3547 ns
454 3515 485 3568 nn
495 3497 602 3547 emblem
614 3497 643 3547 of
654 3498 722 3558 rapid
733 3498 832 3546 motion.

72 3583 75 3588 ·
138 3559 162 3608 It
174 3573 195 3608 is
205 3558 293 3608 foolish
305 3573 329 3606 in
340 3561 396 3607 thee
407 3569 433 3607 to
443 3559 514 3607 think
525 3559 582 3620 only
593 3558 621 3607 cs
633 3558 676 3606 the
684 3571 755 3606 cases
766 3556 795 3604 of
806 3556 871 3616 good
885 3555 989 3614 fortune.
