2294 3842
480 233 571 274 arasa
591 235 632 274 rx.
952 215 1012 278 Μ

93 358 213 416 voque,
226 361 315 398 rarum
327 343 394 396 alibi
404 343 510 410 animal,
523 347 549 397 in
563 343 659 397 iisdem
671 344 806 399 montibus
816 355 899 400 erant.
934 347 1010 401 Cete-

96 431 157 469 rum
183 416 233 468 hoc
256 431 354 467 nomen
375 413 464 466 beluis
483 415 597 467 inditum
618 431 635 464 a
654 414 779 466 Graecis:
804 417 933 470 sermonis
951 417 1010 488 ejus

97 486 183 554 ignari
200 484 274 537 aliud
293 483 385 551 lingna
403 500 450 535 sua
466 492 600 552 usurpant.
637 483 700 550 Rex,
713 485 817 537 duabus
829 486 1010 542 urbibuscon-

97 555 162 607 ditis
180 555 205 606 in
226 565 337 622 utraque
355 553 481 622 fluminis,
500 553 569 621 quod
588 563 765 622 superaverat,
785 555 859 624 ripa,¹
876 558 1011 626 cupierunt

98 624 185 678 duces
200 623 305 676 coronis
322 630 349 674 et
368 623 442 674 mille
456 625 544 676 aureis
556 622 673 690 singulos
685 623 780 675 donat:
799 626 895 676 ceteris
906 643 1014 696 quoque·

99 711 145 764 pro
164 693 293 767 portione⁹
312 701 357 744 aut
375 693 481 760 gradus,
499 709 581 760 quem
601 695 626 744 in
647 692 765 744 amicitia
785 693 947 764 obtinebant,
965 705 1010 748 ant

99 773 215 818 navatae
227 779 331 832 operae,
345 761 427 814 honos
439 761 546 815 habitus
558 771 607 814 est.
643 761 776 830 Abisares,
790 763 835 832 qui
847 763 919 833 prius
930 761 1011 834 quant

99 850 165 886 cum
177 833 242 886 Poro
254 831 425 884 dimicaretur
437 833 539 900 legatos
551 830 585 882 ad
598 831 779 883 Alexandrum
793 833 908 902 miserat,
923 851 1011 888 rursus

100 901 169 954 alius
191 901 273 970 misit,
295 901 457 971 pollicentes,
479 901 568 954 omnia
589 901 729 969 facturum,
750 917 820 970 quae
844 903 1009 972 imperasset,

100 973 181 1026 modo
200 989 234 1024 ne
253 981 392 1038 cogeretur
411 988 506 1039 corpus
526 987 602 1022 suum
622 970 722 1022 dedere
732 971 751 1022 :⁸
769 987 856 1040 neque
875 972 947 1026 enirn
967 981 1012 1026 aut

98 1041 158 1094 siue
171 1043 244 1108 regio
258 1040 367 1109 imperio
378 1039 520 1107 victurum,
537 1049 582 1092 aut
601 1048 770 1108 regnaturum
788 1057 847 1094 esse
866 1043 1011 1112 captivum.

100 1111 151 1164 Cui
175 1111 327 1164 Alexander
351 1110 464 1162 nuntiari
488 1109 572 1179 jussit,
594 1109 616 1161 si
635 1119 788 1178 gravaretur
806 1111 840 1163 ad
861 1129 890 1164 se
911 1112 1011 1182 venire,

100 1181 190 1250 ipsum
202 1181 237 1231 ad
249 1197 313 1232 enm
326 1196 386 1231 esse
397 1188 546 1233 venturum.

136 1255 160 1302 2.
180 1251 256 1318 Hinc,
270 1249 335 1302 Poro
347 1265 427 1301 smne
439 1249 581 1318 superato‚⁴
592 1247 625 1300 ad
639 1248 762 1302 interiora
773 1249 863 1303 Indiae
875 1251 1011 1320 processit.

98 1319 191 1373 Silvae
199 1327 274 1371 erant
282 1335 362 1388 prope
375 1321 401 1370 in
414 1319 576 1372 immensum
587 1319 702 1388 spatium
711 1318 834 1388 diffusae,
844 1321 1012 1390 procerisque

63 1445 65 1447 ,
98 1390 166 1442 etin
180 1389 307 1441 exinnam
320 1387 489 1441 altitudinem
502 1387 581 1440 editis
594 1387 732 1442 arboribus
746 1389 895 1443 umbrosae.
931 1391 1012 1443 Pleri-

98 1475 153 1528 qus
173 1458 240 1510 rami
260 1459 341 1510 instar
360 1458 506 1524 ingentium
525 1457 645 1526 stipitum
663 1457 726 1510 flexi
745 1457 772 1510 in
790 1458 911 1526 humum,
924 1475 1012 1514 rursus

98 1543 153 1597 qua
173 1545 204 1580 se
223 1538 397 1580 curvaverant
417 1527 593 1595 erigebantur,
612 1527 680 1580 adeo
700 1536 728 1580 ut
749 1529 853 1598 species
871 1537 942 1582 esset
960 1533 1016 1583 non

100 1599 168 1650 rami
187 1597 354 1665 resurgentis,
368 1595 415 1648 sed
433 1597 534 1650 arboris
546 1612 579 1648 ex
592 1612 641 1648 suu
653 1597 742 1650 radice
753 1607 903 1666 generatae.
939 1599 1012 1654 Coeli

99 1667 247 1736 temperies
266 1666 379 1719 salubris
386 1682 394 1734 3
412 1667 511 1736 quippe
532 1673 559 1717 et
578 1665 632 1718 vim
653 1666 717 1719 solis
736 1667 847 1720 umbrae
868 1668 966 1738 levant,
985 1677 1013 1723 et

98 1753 187 1806 aquae
200 1736 288 1804 largae
301 1743 437 1790 manante
449 1734 575 1788 fontibus.
605 1735 728 1788 Cetertrm
739 1736 783 1789 hic
791 1753 895 1806 qnoque
905 1755 1012 1808 serpen·

99 1807 168 1858 tium
192 1821 290 1874 magna
310 1805 351 1857 vis
370 1814 434 1872 erat,
456 1804 575 1874 squamis
598 1803 728 1872 fulgorem
751 1807 807 1857 auri
832 1807 1010 1860 reddentibus.

98 1875 261 1928 Vimsbaud
275 1875 358 1927 ullum
372 1875 457 1944 magis
469 1875 576 1927 noxium
590 1883 638 1942 est,
648 1874 747 1943 quippe
756 1891 873 1928 morsum
886 1893 1012 1945 praesens

99 1962 171 1998 mors
189 1942 365 2014 sequebatur,
383 1945 470 1996 donec
488 1944 523 1996 ab
543 1942 637 1995 incolis
657 1943 805 1997 remedium
823 1943 943 1998 oblatum
961 1954 1011 1998 est.

99 2015 167 2067 Hinc
198 2031 227 2066 er
238 2015 344 2066 ‹leserta
356 2025 467 2066 ventum
478 2022 519 2066 est
531 2013 563 2064 ad
578 2013 678 2065 flumen
693 2013 852 2082 Hyarotim.⁵
885 2014 1011 2068 Junotum
1057 2073 1061 2078 ,

98 2093 156 2136 erat
190 2083 275 2136 nmini
289 2099 391 2152 nemus,
405 2099 519 2152 opacum
536 2081 672 2135 arboribus
689 2081 754 2135 alibi
772 2082 908 2148 inusitatis,
922 2095 1011 2151 agras·

99 2156 220 2222 tiumque
238 2170 370 2222 pavonum
390 2153 559 2206 multitudine
577 2151 709 2220 frequens
745 2151 843 2206 Castris
860 2153 921 2204 inde
933 2153 1013 2207 motis

96 2224 228 2293 oppidum
247 2221 317 2274 haud
337 2223 428 2292 procul
440 2223 555 2291 positum
567 2237 661 2274 corona
672 2221 753 2291 capit,
765 2221 955 2292 obsidibusque
967 2239 1011 2276 ac-

97 2295 186 2362 ceptis
197 2291 359 2360 stipendium
372 2292 492 2361 imponit.
675 2303 677 2307 ’

133 2369 159 2414 3,
179 2361 221 2414 nd
242 2378 366 2428 magnam
385 2361 491 2432 deinde,
504 2369 534 2412 nt
550 2360 575 2412 in
593 2377 626 2412 ea
639 2360 752 2430 regione,
767 2360 871 2414 urbem
882 2362 1009 2433 parvenit,

97 2431 504 2499 nonmurosolum,sedetiam
524 2430 622 2500 palude
641 2431 780 2484 munitam.
816 2432 939 2486 Ceterum
952 2432 1010 2488 bar·
1105 2443 1108 2448 '

97 2502 154 2554 bari
173 2500 305 2553 vehiculis
326 2501 394 2553 iuter
413 2517 443 2552 se
462 2500 561 2569 junctis
579 2500 729 2553 dimicaturi
749 2511 932 2555 occurrerunt:
957 2501 1012 2556 tela

95 2571 157 2624 aliis
173 2570 275 2638 hastae,
287 2569 347 2622 aliis
364 2587 473 2624 secures
490 2581 564 2624 erant
573 2587 580 2638 ς
600 2569 836 2650 transiliebantque
848 2570 875 2623 in
890 2569 1011 2624 vehicula

83 2650 206 2694 ‘strernw
217 2639 296 2709 saltu,
309 2657 372 2692 curn
391 2655 544 2692 succurrere
562 2639 742 2693 laborantibus
759 2655 814 2692 surs
825 2638 934 2694 vellent.
970 2642 1010 2694 Ao

15 2781 18 2788 ’
101 2741 110 2746 -
127 2779 202 2848 {Our
217 2777 303 2825 author
318 2777 459 2826 afterwards
475 2777 582 2837 (chapter
599 2780 634 2831 13>
650 2776 710 2824 calls
726 2775 793 2824 them
809 2775 949 2836 Bucephala
963 2739 1011 2828 aad

99 2839 309 2945 Nlcggb'notsvii.
321 2899 358 2952 tl,
371 2899 455 2958 odfin.

126 2961 136 2985 ³
149 2955 241 3017 Corpus
251 2972 322 3002 suum
332 2955 369 3002 fur
379 2973 412 3004 se.
444 2956 490 3002 See
503 2955 601 3014 Zumpt,
614 2953 782 3013 §678‚*adfira.

127 3021 135 3043 ⁴
146 3013 196 3062 We
208 3015 281 3060 lmow
292 3013 320 3060 of
328 3027 358 3061 no
369 3013 432 3062 river
442 3014 519 3062 called
532 3014 617 3062 Porus.
648 3011 744 3070 Arrian,
757 3008 878 3069 however,
888 3015 1008 3064 mentions

95 3075 140 3122 the
151 3081 270 3180 conquest
281 3073 309 3120 of
320 3073 422 3121 another
438 3073 497 3142 king
512 3073 540 3124 of
551 3073 603 3120 that
620 3085 689 3119 name
701 3077 737 3124 (so
749 3070 800 3119 that
811 3072 914 3140 perhaps
924 3073 949 3121 in
960 3073 1008 3123 this

96 3144 151 3193 part
162 3133 191 3180 of
217 3132 273 3180 ndia
285 3131 363 3180 Porus
374 3149 425 3180 was
441 3149 455 3180 a
471 3132 524 3179 trtle
540 3128 678 3190 expressive
695 3128 723 3176 of
734 3129 776 3178 the
792 3131 889 3194 highest
905 3133 1007 3194 dignity,

97 3193 151 3253 just
163 3207 194 3240 as
202 3192 226 3238 in
237 3191 288 3238 that
301 3191 440 3251 previously
451 3191 573 3238 traversed
586 3188 686 3236 Taxiles
698 3195 765 3258 was).
789 3191 844 3240 The
855 3191 918 3240 river
929 3192 1008 3240 which

96 3251 240 3300 Alexander
248 3249 346 3298 crossod
357 3251 438 3298 before
446 3251 476 3298 he
486 3265 553 3296 carna
563 3259 587 3296 to
596 3249 637 3296 the
647 3247 762 3306 Hyarotts
769 3264 820 3299 was
828 3251 870 3299 the
879 3251 1014 3300 Acesines:

96 3312 119 3358 lt
130 3311 152 3359 is
162 3309 275 3368 possible
283 3309 336 3356 that
347 3309 388 3356 tha
400 3318 452 3356 text
463 3309 483 3356 is
494 3317 591 3367 corrupt
602 3308 667 3355 here.

126 3379 134 3402 ¹
146 3369 214 3418 Now
225 3369 316 3426 Ranae,
329 3368 379 3417 still
392 3368 452 3416 with
464 3383 493 3415 an
505 3367 623 3426 approach
634 3375 661 3414 to
670 3365 712 3416 the
722 3368 818 3416 ancient
829 3383 899 3417 name
910 3367 1007 3420 tracon.
1018 3413 1020 3418 Α

96 3427 332 3537 C·qtccordiag1to
350 3428 439 3476 Arnon
458 3427 476 3474 it
494 3441 546 3474 was
565 3425 677 3488 Sangala,
697 3426 740 3476 tlre
758 3427 825 3478 chief
839 3437 907 3477 town
923 3426 952 3477 of
966 3428 1021 3483 tlte>

119 3499 144 3538 ιι
163 3503 210 3538 w·
849 3515 851 3519 '
867 3513 870 3520 ’
885 3497 886 3502 =
988 3513 993 3522 ⁴
