<?xml version="1.0" encoding="UTF-8"?>
<!DOCTYPE html PUBLIC "-//W3C//DTD XHTML 1.0 Transitional//EN"
    "http://www.w3.org/TR/xhtml1/DTD/xhtml1-transitional.dtd">
<html xmlns="http://www.w3.org/1999/xhtml" xml:lang="en" lang="en">
 <head>
  <title>
</title>
<meta http-equiv="Content-Type" content="text/html;charset=utf-8" />
  <meta name='ocr-system' content='tesseract 3.04.00' />
  <meta name='ocr-capabilities' content='ocr_page ocr_carea ocr_par ocr_line ocrx_word'/>
</head>
<body>
  <div class='ocr_page' id='page_1' title='image "./qcurtiirufidege02rufugoog_0053.png"; bbox 0 0 2322 3850; ppageno 0'>
   <div class='ocr_carea' id='block_1_1' title="bbox 490 191 1019 251">
    <p class='ocr_par' dir='ltr' id='par_1_1' title="bbox 490 191 1019 251">
     <span class='ocr_line' id='line_1_1' title="bbox 490 191 1019 251; baseline 0.004 -3"><span class='ocrx_word' id='word_1_1' title='bbox 490 207 583 251; x_wconf 78' lang='grc' dir='ltr'><strong>ιιιιιι</strong></span> <span class='ocrx_word' id='word_1_2' title='bbox 602 209 645 250; x_wconf 90' lang='grc' dir='ltr'><strong>ιιι.</strong></span> <span class='ocrx_word' id='word_1_3' title='bbox 980 191 1019 250; x_wconf 73' lang='grc'><strong>48</strong></span> 
     </span>
    </p>
   </div>
   <div class='ocr_carea' id='block_1_2' title="bbox 109 315 1021 594">
    <p class='ocr_par' dir='ltr' id='par_1_2' title="bbox 109 315 1021 594">
     <span class='ocr_line' id='line_1_2' title="bbox 110 315 1021 438; baseline 0.002 -70"><span class='ocrx_word' id='word_1_4' title='bbox 110 315 138 368; x_wconf 80' lang='grc' dir='ltr'><strong>ιιι</strong></span> <span class='ocrx_word' id='word_1_5' title='bbox 162 331 224 368; x_wconf 87' lang='lat' dir='ltr'><strong>arce</strong></span> <span class='ocrx_word' id='word_1_6' title='bbox 247 315 388 385; x_wconf 80' lang='lat' dir='ltr'><strong>tutissima,</strong></span> <span class='ocrx_word' id='word_1_7' title='bbox 412 315 440 368; x_wconf 88' lang='lat' dir='ltr'><strong>irr</strong></span> <span class='ocrx_word' id='word_1_8' title='bbox 462 315 601 438; x_wconf 57' lang='lat' dir='ltr'><strong>proditoris</strong></span> <span class='ocrx_word' id='word_1_9' title='bbox 621 316 760 386; x_wconf 78' lang='lat' dir='ltr'><strong>reliquerat</strong></span> <span class='ocrx_word' id='word_1_10' title='bbox 782 316 914 372; x_wconf 86' lang='lat' dir='ltr'><strong>manibus.</strong></span> <span class='ocrx_word' id='word_1_11' title='bbox 949 315 1021 370; x_wconf 83' lang='lat' dir='ltr'><strong>Gan·</strong></span> 
     </span>
     <span class='ocr_line' id='line_1_3' title="bbox 109 385 1019 456; baseline -0.002 -17"><span class='ocrx_word' id='word_1_12' title='bbox 109 385 194 454; x_wconf 84' lang='lat' dir='ltr'><strong>gabaa</strong></span> <span class='ocrx_word' id='word_1_13' title='bbox 223 385 322 438; x_wconf 79' lang='lat' dir='ltr'>Persae</span> <span class='ocrx_word' id='word_1_14' title='bbox 350 392 443 438; x_wconf 87' lang='lat' dir='ltr'><strong>vocant</strong></span> <span class='ocrx_word' id='word_1_15' title='bbox 487 385 588 438; x_wconf 87' lang='lat' dir='ltr'><strong>umeris</strong></span> <span class='ocrx_word' id='word_1_16' title='bbox 612 402 692 438; x_wconf 89' lang='lat' dir='ltr'><strong>onera</strong></span> <span class='ocrx_word' id='word_1_17' title='bbox 717 386 875 456; x_wconf 74' lang='grc' dir='ltr'><strong>οοηιιιιῑοοει</strong></span> <span class='ocrx_word' id='word_1_18' title='bbox 902 385 930 438; x_wconf 90' lang='lat' dir='ltr'><strong>hi</strong></span> <span class='ocrx_word' id='word_1_19' title='bbox 957 401 1019 438; x_wconf 89' lang='lat' dir='ltr'><strong>cum</strong></span> 
     </span>
     <span class='ocr_line' id='line_1_4' title="bbox 110 453 1020 524; baseline 0.001 -18"><span class='ocrx_word' id='word_1_20' title='bbox 110 454 234 507; x_wconf 81' lang='lat' dir='ltr'><strong>tolerare¹</strong></span> <span class='ocrx_word' id='word_1_21' title='bbox 249 471 303 508; x_wconf 91' lang='lat' dir='ltr'><strong>non</strong></span> <span class='ocrx_word' id='word_1_22' title='bbox 319 463 433 524; x_wconf 87' lang='lat' dir='ltr'><strong>possent,</strong></span> <span class='ocrx_word' id='word_1_23' title='bbox 446 457 543 524; x_wconf 87' lang='lat' dir='ltr'><strong>quippe</strong></span> <span class='ocrx_word' id='word_1_24' title='bbox 561 463 589 507; x_wconf 89' lang='lat' dir='ltr'><strong>et</strong></span> <span class='ocrx_word' id='word_1_25' title='bbox 606 453 722 524; x_wconf 90' lang='lat' dir='ltr'><strong>procella</strong></span> <span class='ocrx_word' id='word_1_26' title='bbox 739 457 825 509; x_wconf 88' lang='lat' dir='ltr'><strong>subito</strong></span> <span class='ocrx_word' id='word_1_27' title='bbox 845 455 935 508; x_wconf 87' lang='lat' dir='ltr'><strong>nivem</strong></span> <span class='ocrx_word' id='word_1_28' title='bbox 953 454 1020 507; x_wconf 88' lang='lat' dir='ltr'><strong>effu·</strong></span> 
     </span>
     <span class='ocr_line' id='line_1_5' title="bbox 109 523 1019 594; baseline -0.001 -17"><span class='ocrx_word' id='word_1_29' title='bbox 109 523 193 591; x_wconf 86' lang='lat' dir='ltr'><strong>derat,</strong></span> <span class='ocrx_word' id='word_1_30' title='bbox 207 533 235 576; x_wconf 86' lang='lat' dir='ltr'><strong>et</strong></span> <span class='ocrx_word' id='word_1_31' title='bbox 247 523 345 578; x_wconf 85' lang='lat' dir='ltr'><strong>humus</strong></span> <span class='ocrx_word' id='word_1_32' title='bbox 357 523 457 591; x_wconf 78' lang='lat' dir='ltr'>rigebat</span> <span class='ocrx_word' id='word_1_33' title='bbox 468 524 539 594; x_wconf 88' lang='lat' dir='ltr'><strong>gelu,</strong></span> <span class='ocrx_word' id='word_1_34' title='bbox 552 532 607 579; x_wconf 89' lang='lat' dir='ltr'><strong>turn</strong></span> <span class='ocrx_word' id='word_1_35' title='bbox 621 525 752 576; x_wconf 83' lang='lat' dir='ltr'><strong>astrictas¹</strong></span> <span class='ocrx_word' id='word_1_36' title='bbox 764 535 859 591; x_wconf 86' lang='lat' dir='ltr'><strong>vestes,</strong></span> <span class='ocrx_word' id='word_1_37' title='bbox 873 541 940 593; x_wconf 88' lang='lat' dir='ltr'><strong>quae</strong></span> <span class='ocrx_word' id='word_1_38' title='bbox 956 541 1019 576; x_wconf 88' lang='lat' dir='ltr'><strong>cum</strong></span> 
     </span>
    </p>
   </div>
   <div class='ocr_carea' id='block_1_3' title="bbox 16 593 1021 664">
    <p class='ocr_par' dir='ltr' id='par_1_3' title="bbox 16 593 1021 664">
     <span class='ocr_line' id='line_1_6' title="bbox 16 593 1021 664; baseline -0.002 -19"><span class='ocrx_word' id='word_1_39' title='bbox 16 657 17 664; x_wconf 9' lang='grc' dir='ltr'>ἵ</span> <span class='ocrx_word' id='word_1_40' title='bbox 109 593 226 662; x_wconf 78' lang='lat' dir='ltr'><strong>pecunia</strong></span> <span class='ocrx_word' id='word_1_41' title='bbox 243 593 388 663; x_wconf 88' lang='lat' dir='ltr'><strong>portabant,</strong></span> <span class='ocrx_word' id='word_1_42' title='bbox 406 610 470 646; x_wconf 88' lang='lat' dir='ltr'><strong>auro</strong></span> <span class='ocrx_word' id='word_1_43' title='bbox 488 602 514 646; x_wconf 88' lang='lat' dir='ltr'><strong>et</strong></span> <span class='ocrx_word' id='word_1_44' title='bbox 531 609 645 663; x_wconf 80' lang='lat' dir='ltr'>purpura</span> <span class='ocrx_word' id='word_1_45' title='bbox 668 594 792 663; x_wconf 65' lang='lat' dir='ltr'><strong>insignes,</strong></span> <span class='ocrx_word' id='word_1_46' title='bbox 811 594 929 661; x_wconf 88' lang='lat' dir='ltr'><strong>induunt,</strong></span> <span class='ocrx_word' id='word_1_47' title='bbox 949 593 1021 646; x_wconf 88' lang='lat' dir='ltr'><strong>nullo</strong></span> 
     </span>
    </p>
   </div>
   <div class='ocr_carea' id='block_1_4' title="bbox 108 661 1022 950">
    <p class='ocr_par' dir='ltr' id='par_1_4' title="bbox 108 661 1022 950">
     <span class='ocr_line' id='line_1_7' title="bbox 128 661 1021 731; baseline 0.002 -17"><span class='ocrx_word' id='word_1_48' title='bbox 128 662 251 716; x_wconf 90' lang='lat' dir='ltr'><strong>robibere</strong></span> <span class='ocrx_word' id='word_1_49' title='bbox 262 679 334 731; x_wconf 86' lang='lat' dir='ltr'><strong>auso,</strong></span> <span class='ocrx_word' id='word_1_50' title='bbox 347 679 408 716; x_wconf 90' lang='lat' dir='ltr'><strong>cum</strong></span> <span class='ocrx_word' id='word_1_51' title='bbox 422 661 524 715; x_wconf 82' lang='lat' dir='ltr'><strong>fortuna</strong></span> <span class='ocrx_word' id='word_1_52' title='bbox 542 665 611 731; x_wconf 87' lang='lat' dir='ltr'><strong>regis</strong></span> <span class='ocrx_word' id='word_1_53' title='bbox 627 663 709 716; x_wconf 85' lang='lat' dir='ltr'><strong>etiarn</strong></span> <span class='ocrx_word' id='word_1_54' title='bbox 727 661 883 716; x_wconf 77' lang='lat' dir='ltr'>humillimis</span> <span class='ocrx_word' id='word_1_55' title='bbox 894 663 920 715; x_wconf 92' lang='lat' dir='ltr'><strong>in</strong></span> <span class='ocrx_word' id='word_1_56' title='bbox 933 661 1021 730; x_wconf 88' lang='lat' dir='ltr'><strong>ipsum</strong></span> 
     </span>
     <span class='ocr_line' id='line_1_8' title="bbox 109 679 1022 800; baseline 0 -16"><span class='ocrx_word' id='word_1_57' title='bbox 109 679 249 786; x_wconf 83' lang='lat' dir='ltr'><strong>iicantiam</strong></span> <span class='ocrx_word' id='word_1_58' title='bbox 260 731 369 786; x_wconf 84' lang='lat' dir='ltr'><strong>faceret,</strong></span> <span class='ocrx_word' id='word_1_59' title='bbox 406 732 553 785; x_wconf 75' lang='lat' dir='ltr'><strong>Praebuere</strong></span> <span class='ocrx_word' id='word_1_60' title='bbox 566 749 627 800; x_wconf 90' lang='lat' dir='ltr'><strong>ergo</strong></span> <span class='ocrx_word' id='word_1_61' title='bbox 639 732 806 786; x_wconf 83' lang='lat' dir='ltr'><strong>Parmenioni</strong></span> <span class='ocrx_word' id='word_1_62' title='bbox 817 748 867 785; x_wconf 91' lang='lat' dir='ltr'><strong>non</strong></span> <span class='ocrx_word' id='word_1_63' title='bbox 881 731 1022 800; x_wconf 85' lang='lat' dir='ltr'><strong>spernendi</strong></span> 
     </span>
     <span class='ocr_line' id='line_1_9' title="bbox 109 800 1019 870; baseline -0.001 -17"><span class='ocrx_word' id='word_1_64' title='bbox 109 800 227 869; x_wconf 85' lang='lat' dir='ltr'><strong>agminis</strong></span> <span class='ocrx_word' id='word_1_65' title='bbox 238 801 372 870; x_wconf 85' lang='lat' dir='ltr'><strong>speciem:</strong></span> <span class='ocrx_word' id='word_1_66' title='bbox 390 801 436 870; x_wconf 92' lang='lat' dir='ltr'><strong>qui</strong></span> <span class='ocrx_word' id='word_1_67' title='bbox 455 801 594 854; x_wconf 79' lang='lat' dir='ltr'><strong>intentiore</strong></span> <span class='ocrx_word' id='word_1_68' title='bbox 612 818 675 854; x_wconf 85' lang='lat' dir='ltr'><strong>cura</strong></span> <span class='ocrx_word' id='word_1_69' title='bbox 693 819 762 870; x_wconf 88' lang='lat' dir='ltr'><strong>euos,</strong></span> <span class='ocrx_word' id='word_1_70' title='bbox 775 802 851 869; x_wconf 82' lang='lat' dir='ltr'><strong>quasi</strong></span> <span class='ocrx_word' id='word_1_71' title='bbox 869 801 901 852; x_wconf 90' lang='lat' dir='ltr'><strong>ad</strong></span> <span class='ocrx_word' id='word_1_72' title='bbox 920 801 1019 870; x_wconf 81' lang='lat' dir='ltr'><strong>justum</strong></span> 
     </span>
     <span class='ocr_line' id='line_1_10' title="bbox 108 869 1022 950; baseline 0 -28"><span class='ocrx_word' id='word_1_73' title='bbox 108 869 242 950; x_wconf 72' lang='lat' dir='ltr'><strong>proelium</strong></span> <span class='ocrx_word' id='word_1_74' title='bbox 261 872 354 938; x_wconf 88' lang='lat' dir='ltr'><strong>paucis</strong></span> <span class='ocrx_word' id='word_1_75' title='bbox 370 869 531 938; x_wconf 82' lang='lat' dir='ltr'><strong>adhortatus,</strong></span> <span class='ocrx_word' id='word_1_76' title='bbox 544 871 619 940; x_wconf 87' lang='lat' dir='ltr'><strong>equis</strong></span> <span class='ocrx_word' id='word_1_77' title='bbox 637 871 751 923; x_wconf 83' lang='lat' dir='ltr'><strong>calcaria</strong></span> <span class='ocrx_word' id='word_1_78' title='bbox 767 870 843 940; x_wconf 86' lang='lat' dir='ltr'><strong>jubet</strong></span> <span class='ocrx_word' id='word_1_79' title='bbox 861 871 982 937; x_wconf 75' lang='lat' dir='ltr'><strong>subdere,</strong></span> <span class='ocrx_word' id='word_1_80' title='bbox 995 877 1022 922; x_wconf 91' lang='lat' dir='ltr'><strong>et</strong></span> 
     </span>
    </p>
   </div>
   <div class='ocr_carea' id='block_1_5' title="bbox 16 939 1020 1018">
    <p class='ocr_par' dir='ltr' id='par_1_5' title="bbox 16 939 1020 1018">
     <span class='ocr_line' id='line_1_11' title="bbox 16 939 1020 1018; baseline -0.002 -26"><span class='ocrx_word' id='word_1_81' title='bbox 16 943 17 946; x_wconf 76' lang='grc'>’</span> <span class='ocrx_word' id='word_1_82' title='bbox 108 957 165 992; x_wconf 89' lang='lat' dir='ltr'><strong>acrr</strong></span> <span class='ocrx_word' id='word_1_83' title='bbox 179 940 282 1018; x_wconf 80' lang='lat' dir='ltr'><strong>impetu</strong></span> <span class='ocrx_word' id='word_1_84' title='bbox 293 940 321 992; x_wconf 89' lang='lat' dir='ltr'><strong>in</strong></span> <span class='ocrx_word' id='word_1_85' title='bbox 333 940 436 992; x_wconf 90' lang='lat' dir='ltr'><strong>hostem</strong></span> <span class='ocrx_word' id='word_1_86' title='bbox 449 940 537 992; x_wconf 86' lang='lat' dir='ltr'><strong>evehi.</strong></span> <span class='ocrx_word' id='word_1_87' title='bbox 574 942 610 992; x_wconf 87' lang='lat' dir='ltr'><strong>At</strong></span> <span class='ocrx_word' id='word_1_88' title='bbox 629 939 672 1010; x_wconf 89' lang='lat' dir='ltr'><strong>illi,</strong></span> <span class='ocrx_word' id='word_1_89' title='bbox 685 940 730 1009; x_wconf 91' lang='lat' dir='ltr'><strong>qui</strong></span> <span class='ocrx_word' id='word_1_90' title='bbox 743 941 793 998; x_wconf 85' lang='lat' dir='ltr'><strong>sub</strong></span> <span class='ocrx_word' id='word_1_91' title='bbox 804 939 927 992; x_wconf 88' lang='lat' dir='ltr'><strong>oneribus</strong></span> <span class='ocrx_word' id='word_1_92' title='bbox 938 947 1020 1008; x_wconf 88' lang='lat' dir='ltr'><strong>erant,</strong></span> 
     </span>
    </p>
   </div>
   <div class='ocr_carea' id='block_1_6' title="bbox 85 1009 1023 1217">
    <p class='ocr_par' dir='ltr' id='par_1_6' title="bbox 85 1009 1023 1217">
     <span class='ocr_line' id='line_1_12' title="bbox 109 1009 1023 1078; baseline 0 -18"><span class='ocrx_word' id='word_1_93' title='bbox 109 1009 218 1064; x_wconf 83' lang='lat' dir='ltr'><strong>omisere</strong></span> <span class='ocrx_word' id='word_1_94' title='bbox 236 1025 283 1078; x_wconf 91' lang='lat' dir='ltr'><strong>per</strong></span> <span class='ocrx_word' id='word_1_95' title='bbox 302 1018 414 1077; x_wconf 89' lang='lat' dir='ltr'><strong>metum,</strong></span> <span class='ocrx_word' id='word_1_96' title='bbox 436 1017 578 1078; x_wconf 83' lang='lat' dir='ltr'><strong>capessunt</strong></span> <span class='ocrx_word' id='word_1_97' title='bbox 597 1009 705 1078; x_wconf 87' lang='lat' dir='ltr'><strong>fugam:</strong></span> <span class='ocrx_word' id='word_1_98' title='bbox 730 1010 823 1062; x_wconf 88' lang='lat' dir='ltr'><strong>armati</strong></span> <span class='ocrx_word' id='word_1_99' title='bbox 844 1025 956 1077; x_wconf 87' lang='lat' dir='ltr'><strong>quoque,</strong></span> <span class='ocrx_word' id='word_1_100' title='bbox 977 1009 1023 1076; x_wconf 90' lang='lat' dir='ltr'><strong>qui</strong></span> 
     </span>
     <span class='ocr_line' id='line_1_13' title="bbox 109 1077 1023 1148; baseline -0.002 -18"><span class='ocrx_word' id='word_1_101' title='bbox 109 1094 156 1130; x_wconf 87' lang='lat' dir='ltr'><strong>eos</strong></span> <span class='ocrx_word' id='word_1_102' title='bbox 181 1077 426 1147; x_wconf 86' lang='lat' dir='ltr'><strong>prosequebantur,⁴</strong></span> <span class='ocrx_word' id='word_1_103' title='bbox 449 1078 545 1132; x_wconf 89' lang='lat' dir='ltr'><strong>eodem</strong></span> <span class='ocrx_word' id='word_1_104' title='bbox 572 1088 645 1132; x_wconf 88' lang='lat' dir='ltr'><strong>metu</strong></span> <span class='ocrx_word' id='word_1_105' title='bbox 674 1096 749 1132; x_wconf 88' lang='lat' dir='ltr'><strong>arma</strong></span> <span class='ocrx_word' id='word_1_106' title='bbox 773 1077 881 1148; x_wconf 80' lang='lat' dir='ltr'><strong>jactare,</strong></span> <span class='ocrx_word' id='word_1_107' title='bbox 906 1094 938 1129; x_wconf 87' lang='lat' dir='ltr'><strong>ac</strong></span> <span class='ocrx_word' id='word_1_108' title='bbox 962 1089 1023 1129; x_wconf 89' lang='lat' dir='ltr'><strong>nota</strong></span> 
     </span>
     <span class='ocr_line' id='line_1_14' title="bbox 85 1146 1023 1217; baseline -0.001 -18"><span class='ocrx_word' id='word_1_109' title='bbox 85 1207 91 1212; x_wconf 32' lang='lat'>¹</span> <span class='ocrx_word' id='word_1_110' title='bbox 109 1146 278 1200; x_wconf 84' lang='lat' dir='ltr'><strong>diverticula⁵</strong></span> <span class='ocrx_word' id='word_1_111' title='bbox 290 1157 380 1217; x_wconf 88' lang='lat' dir='ltr'><strong>petere</strong></span> <span class='ocrx_word' id='word_1_112' title='bbox 399 1156 550 1216; x_wconf 87' lang='lat' dir='ltr'><strong>coeperunt.</strong></span> <span class='ocrx_word' id='word_1_113' title='bbox 586 1147 747 1216; x_wconf 76' lang='lat' dir='ltr'><strong>Praefectus,</strong></span> <span class='ocrx_word' id='word_1_114' title='bbox 761 1149 835 1217; x_wconf 88' lang='lat' dir='ltr'><strong>quasi</strong></span> <span class='ocrx_word' id='word_1_115' title='bbox 848 1157 875 1200; x_wconf 92' lang='lat' dir='ltr'><strong>et</strong></span> <span class='ocrx_word' id='word_1_116' title='bbox 888 1146 944 1216; x_wconf 87' lang='lat' dir='ltr'><strong>ipse</strong></span> <span class='ocrx_word' id='word_1_117' title='bbox 962 1163 1023 1198; x_wconf 90' lang='lat' dir='ltr'><strong>con·</strong></span> 
     </span>
    </p>
   </div>
   <div class='ocr_carea' id='block_1_7' title="bbox 16 1216 1023 1287">
    <p class='ocr_par' dir='ltr' id='par_1_7' title="bbox 16 1216 1023 1287">
     <span class='ocr_line' id='line_1_15' title="bbox 16 1216 1023 1287; baseline 0 -19"><span class='ocrx_word' id='word_1_118' title='bbox 16 1253 17 1258; x_wconf 49' lang='lat'><em>=</em></span> <span class='ocrx_word' id='word_1_119' title='bbox 109 1217 224 1286; x_wconf 89' lang='lat' dir='ltr'><strong>territus,</strong></span> <span class='ocrx_word' id='word_1_120' title='bbox 249 1217 387 1270; x_wconf 72' lang='lat' dir='ltr'><strong>stimulans⁸</strong></span> <span class='ocrx_word' id='word_1_121' title='bbox 415 1229 511 1270; x_wconf 85' lang='lat' dir='ltr'><strong>cuncta</strong></span> <span class='ocrx_word' id='word_1_122' title='bbox 546 1233 641 1287; x_wconf 88' lang='lat' dir='ltr'><strong>pavore</strong></span> <span class='ocrx_word' id='word_1_123' title='bbox 668 1216 855 1286; x_wconf 84' lang='lat' dir='ltr'><strong>compleverat.</strong></span> <span class='ocrx_word' id='word_1_124' title='bbox 892 1216 1023 1270; x_wconf 84' lang='lat' dir='ltr'><strong>Jacebant</strong></span> 
     </span>
    </p>
   </div>
   <div class='ocr_carea' id='block_1_8' title="bbox 109 1285 1023 1424">
    <p class='ocr_par' dir='ltr' id='par_1_8' title="bbox 109 1285 1023 1424">
     <span class='ocr_line' id='line_1_16' title="bbox 109 1285 1022 1356; baseline 0.001 -19"><span class='ocrx_word' id='word_1_125' title='bbox 109 1285 171 1339; x_wconf 85' lang='lat' dir='ltr'><strong>totie</strong></span> <span class='ocrx_word' id='word_1_126' title='bbox 184 1285 289 1354; x_wconf 87' lang='lat' dir='ltr'><strong>campis</strong></span> <span class='ocrx_word' id='word_1_127' title='bbox 299 1302 364 1356; x_wconf 90' lang='lat' dir='ltr'><strong>opes</strong></span> <span class='ocrx_word' id='word_1_128' title='bbox 382 1286 478 1354; x_wconf 85' lang='lat' dir='ltr'><strong>regiae,</strong></span> <span class='ocrx_word' id='word_1_129' title='bbox 491 1285 537 1340; x_wconf 89' lang='lat' dir='ltr'><strong>illa</strong></span> <span class='ocrx_word' id='word_1_130' title='bbox 555 1288 668 1356; x_wconf 87' lang='lat' dir='ltr'><strong>pecunia</strong></span> <span class='ocrx_word' id='word_1_131' title='bbox 685 1287 816 1356; x_wconf 85' lang='lat' dir='ltr'><strong>stipendio</strong></span> <span class='ocrx_word' id='word_1_132' title='bbox 833 1285 935 1354; x_wconf 87' lang='lat' dir='ltr'><strong>ingenti</strong></span> <span class='ocrx_word' id='word_1_133' title='bbox 954 1285 1022 1338; x_wconf 90' lang='lat' dir='ltr'><strong>rnili-</strong></span> 
     </span>
     <span class='ocr_line' id='line_1_17' title="bbox 109 1355 1023 1424; baseline -0.001 -16"><span class='ocrx_word' id='word_1_134' title='bbox 109 1363 166 1408; x_wconf 88' lang='lat' dir='ltr'><strong>tum</strong></span> <span class='ocrx_word' id='word_1_135' title='bbox 192 1364 355 1424; x_wconf 86' lang='lat' dir='ltr'><strong>praeparata,</strong></span> <span class='ocrx_word' id='word_1_136' title='bbox 374 1355 419 1408; x_wconf 91' lang='lat' dir='ltr'><strong>ills</strong></span> <span class='ocrx_word' id='word_1_137' title='bbox 439 1355 527 1408; x_wconf 90' lang='lat' dir='ltr'><strong>cultus</strong></span> <span class='ocrx_word' id='word_1_138' title='bbox 546 1363 583 1408; x_wconf 91' lang='lat' dir='ltr'><strong>tot</strong></span> <span class='ocrx_word' id='word_1_139' title='bbox 601 1356 727 1410; x_wconf 87' lang='lat' dir='ltr'><strong>nobilium</strong></span> <span class='ocrx_word' id='word_1_140' title='bbox 749 1357 871 1424; x_wconf 91' lang='lat' dir='ltr'><strong>virorum,</strong></span> <span class='ocrx_word' id='word_1_141' title='bbox 893 1364 930 1408; x_wconf 89' lang='lat' dir='ltr'><strong>tot</strong></span> <span class='ocrx_word' id='word_1_142' title='bbox 950 1355 1023 1408; x_wconf 90' lang='lat' dir='ltr'><strong>illus·</strong></span> 
     </span>
    </p>
   </div>
   <div class='ocr_carea' id='block_1_9' title="bbox 16 1423 1026 1636">
    <p class='ocr_par' dir='ltr' id='par_1_9' title="bbox 16 1423 1026 1636">
     <span class='ocr_line' id='line_1_18' title="bbox 16 1423 1026 1495; baseline 0.001 -21"><span class='ocrx_word' id='word_1_143' title='bbox 16 1459 17 1474; x_wconf 54' lang='grc' dir='ltr'><strong>ι</strong></span> <span class='ocrx_word' id='word_1_144' title='bbox 109 1425 192 1477; x_wconf 88' lang='lat' dir='ltr'><strong>trium</strong></span> <span class='ocrx_word' id='word_1_145' title='bbox 210 1423 376 1493; x_wconf 84' lang='lat' dir='ltr'><strong>seminarum,</strong></span> <span class='ocrx_word' id='word_1_146' title='bbox 389 1441 471 1478; x_wconf 87' lang='lat' dir='ltr'><strong>aurea</strong></span> <span class='ocrx_word' id='word_1_147' title='bbox 487 1442 560 1493; x_wconf 87' lang='lat' dir='ltr'><strong>vasa,</strong></span> <span class='ocrx_word' id='word_1_148' title='bbox 572 1427 646 1480; x_wconf 88' lang='lat' dir='ltr'><strong>aurei</strong></span> <span class='ocrx_word' id='word_1_149' title='bbox 664 1426 740 1495; x_wconf 83' lang='lat' dir='ltr'><strong>freni,</strong></span> <span class='ocrx_word' id='word_1_150' title='bbox 753 1423 923 1478; x_wconf 85' lang='lat' dir='ltr'><strong>tabernacula</strong></span> <span class='ocrx_word' id='word_1_151' title='bbox 942 1423 1026 1492; x_wconf 82' lang='lat' dir='ltr'><strong>regali·</strong></span> 
     </span>
     <span class='ocr_line' id='line_1_19' title="bbox 16 1493 1023 1564; baseline 0.002 -20"><span class='ocrx_word' id='word_1_152' title='bbox 16 1515 17 1520; x_wconf 46' lang='lat'>¹</span> <span class='ocrx_word' id='word_1_153' title='bbox 107 1493 309 1562; x_wconf 87' lang='lat' dir='ltr'><strong>magnificentia</strong></span> <span class='ocrx_word' id='word_1_154' title='bbox 329 1507 428 1562; x_wconf 87' lang='lat' dir='ltr'><strong>omata,</strong></span> <span class='ocrx_word' id='word_1_155' title='bbox 447 1493 572 1546; x_wconf 85' lang='lat' dir='ltr'><strong>vehicula</strong></span> <span class='ocrx_word' id='word_1_156' title='bbox 591 1512 696 1564; x_wconf 87' lang='lat' dir='ltr'><strong>quoque</strong></span> <span class='ocrx_word' id='word_1_157' title='bbox 716 1512 734 1548; x_wconf 89' lang='lat' dir='ltr'><strong>a</strong></span> <span class='ocrx_word' id='word_1_158' title='bbox 754 1495 810 1548; x_wconf 88' lang='lat' dir='ltr'><strong>suis</strong></span> <span class='ocrx_word' id='word_1_159' title='bbox 828 1494 962 1563; x_wconf 87' lang='lat' dir='ltr'><strong>destituta,</strong></span> <span class='ocrx_word' id='word_1_160' title='bbox 986 1495 1023 1546; x_wconf 88' lang='lat' dir='ltr'><strong>iu·</strong></span> 
     </span>
     <span class='ocr_line' id='line_1_20' title="bbox 16 1561 1022 1636; baseline 0 -22"><span class='ocrx_word' id='word_1_161' title='bbox 16 1607 18 1636; x_wconf 68' lang='lat'><strong>,</strong></span> <span class='ocrx_word' id='word_1_162' title='bbox 108 1563 198 1630; x_wconf 82' lang='lat' dir='ltr'><strong>gentis</strong></span> <span class='ocrx_word' id='word_1_163' title='bbox 215 1563 369 1632; x_wconf 77' lang='lat' dir='ltr'><strong>opulentiae</strong></span> <span class='ocrx_word' id='word_1_164' title='bbox 385 1561 472 1632; x_wconf 87' lang='lat' dir='ltr'><strong>plena,</strong></span> <span class='ocrx_word' id='word_1_165' title='bbox 492 1563 576 1616; x_wconf 84' lang='lat' dir='ltr'><strong>iacies</strong></span> <span class='ocrx_word' id='word_1_166' title='bbox 592 1565 674 1616; x_wconf 89' lang='lat' dir='ltr'><strong>etiam</strong></span> <span class='ocrx_word' id='word_1_167' title='bbox 691 1565 880 1632; x_wconf 80' lang='lat' dir='ltr'><strong>praedantibus</strong></span> <span class='ocrx_word' id='word_1_168' title='bbox 899 1562 986 1631; x_wconf 84' lang='lat' dir='ltr'><strong>tristis,</strong></span> <span class='ocrx_word' id='word_1_169' title='bbox 1000 1563 1022 1614; x_wconf 89' lang='lat' dir='ltr'><strong>si</strong></span> 
     </span>
    </p>
   </div>
   <div class='ocr_carea' id='block_1_10' title="bbox 110 1632 1022 1754">
    <p class='ocr_par' dir='ltr' id='par_1_10' title="bbox 110 1632 1022 1754">
     <span class='ocr_line' id='line_1_21' title="bbox 110 1632 1022 1754; baseline -0.002 -70"><span class='ocrx_word' id='word_1_170' title='bbox 110 1648 163 1700; x_wconf 89' lang='lat' dir='ltr'><strong>qua</strong></span> <span class='ocrx_word' id='word_1_171' title='bbox 186 1649 230 1684; x_wconf 86' lang='lat' dir='ltr'><strong>ree</strong></span> <span class='ocrx_word' id='word_1_172' title='bbox 247 1632 386 1685; x_wconf 87' lang='lat' dir='ltr'><strong>avaritiam</strong></span> <span class='ocrx_word' id='word_1_173' title='bbox 404 1636 568 1686; x_wconf 81' lang='lat' dir='ltr'><strong>moraretur.⁷</strong></span> <span class='ocrx_word' id='word_1_174' title='bbox 602 1633 705 1754; x_wconf 75' lang='lat' dir='ltr'><strong>Quippe</strong></span> <span class='ocrx_word' id='word_1_175' title='bbox 718 1642 754 1685; x_wconf 89' lang='lat' dir='ltr'><strong>tot</strong></span> <span class='ocrx_word' id='word_1_176' title='bbox 767 1649 894 1686; x_wconf 87' lang='lat' dir='ltr'><strong>annorum</strong></span> <span class='ocrx_word' id='word_1_177' title='bbox 912 1633 1022 1684; x_wconf 90' lang='lat' dir='ltr'><strong>incredi-</strong></span> 
     </span>
    </p>
   </div>
   <div class='ocr_carea' id='block_1_11' title="bbox 16 1699 1023 1909">
    <p class='ocr_par' dir='ltr' id='par_1_11' title="bbox 16 1699 1023 1909">
     <span class='ocr_line' id='line_1_22' title="bbox 16 1699 1022 1770; baseline 0 -16"><span class='ocrx_word' id='word_1_178' title='bbox 16 1733 17 1746; x_wconf 50' lang='grc' dir='ltr'><strong>ι</strong></span> <span class='ocrx_word' id='word_1_179' title='bbox 108 1700 155 1754; x_wconf 91' lang='lat' dir='ltr'><strong>bili</strong></span> <span class='ocrx_word' id='word_1_180' title='bbox 167 1710 198 1753; x_wconf 91' lang='lat' dir='ltr'><strong>et</strong></span> <span class='ocrx_word' id='word_1_181' title='bbox 209 1699 293 1756; x_wconf 87' lang='lat' dir='ltr'><strong>fidem</strong></span> <span class='ocrx_word' id='word_1_182' title='bbox 310 1701 457 1754; x_wconf 79' lang='lat' dir='ltr'><strong>excedente</strong></span> <span class='ocrx_word' id='word_1_183' title='bbox 475 1702 578 1756; x_wconf 84' lang='lat' dir='ltr'><strong>fortuna</strong></span> <span class='ocrx_word' id='word_1_184' title='bbox 595 1719 675 1754; x_wconf 90' lang='lat' dir='ltr'><strong>cumu</strong></span> <span class='ocrx_word' id='word_1_185' title='bbox 685 1712 736 1770; x_wconf 90' lang='lat' dir='ltr'><strong>ata,</strong></span> <span class='ocrx_word' id='word_1_186' title='bbox 750 1711 813 1754; x_wconf 86' lang='lat' dir='ltr'><strong>tunc</strong></span> <span class='ocrx_word' id='word_1_187' title='bbox 831 1702 884 1754; x_wconf 87' lang='lat' dir='ltr'><strong>alia</strong></span> <span class='ocrx_word' id='word_1_188' title='bbox 896 1701 1022 1770; x_wconf 79' lang='lat' dir='ltr'><strong>stirpibus</strong></span> 
     </span>
     <span class='ocr_line' id='line_1_23' title="bbox 16 1769 1023 1837; baseline 0.002 -17"><span class='ocrx_word' id='word_1_189' title='bbox 16 1789 22 1798; x_wconf 37' lang='lat'><strong>¹*</strong></span> <span class='ocrx_word' id='word_1_190' title='bbox 109 1769 235 1837; x_wconf 77' lang='lat' dir='ltr'><strong>lacerata,</strong></span> <span class='ocrx_word' id='word_1_191' title='bbox 253 1770 305 1822; x_wconf 86' lang='lat' dir='ltr'><strong>alia</strong></span> <span class='ocrx_word' id='word_1_192' title='bbox 323 1769 348 1822; x_wconf 91' lang='lat' dir='ltr'><strong>in</strong></span> <span class='ocrx_word' id='word_1_193' title='bbox 366 1788 478 1824; x_wconf 87' lang='lat' dir='ltr'><strong>coenum</strong></span> <span class='ocrx_word' id='word_1_194' title='bbox 496 1771 620 1824; x_wconf 87' lang='lat' dir='ltr'><strong>demersa</strong></span> <span class='ocrx_word' id='word_1_195' title='bbox 638 1771 796 1824; x_wconf 86' lang='lat' dir='ltr'><strong>eruebantur</strong></span> <span class='ocrx_word' id='word_1_196' title='bbox 806 1773 823 1823; x_wconf 83' lang='lat'><strong>:⁸</strong></span> <span class='ocrx_word' id='word_1_197' title='bbox 840 1788 891 1824; x_wconf 89' lang='lat' dir='ltr'><strong>non</strong></span> <span class='ocrx_word' id='word_1_198' title='bbox 910 1771 1023 1823; x_wconf 87' lang='lat' dir='ltr'><strong>sufficie·</strong></span> 
     </span>
     <span class='ocr_line' id='line_1_24' title="bbox 16 1838 615 1909; baseline 0 -17"><span class='ocrx_word' id='word_1_199' title='bbox 16 1839 17 1906; x_wconf 83' lang='lat' dir='ltr'>j</span> <span class='ocrx_word' id='word_1_200' title='bbox 109 1839 173 1892; x_wconf 86' lang='lat' dir='ltr'><strong>bant</strong></span> <span class='ocrx_word' id='word_1_201' title='bbox 187 1838 370 1908; x_wconf 87' lang='lat' dir='ltr'><strong>praedantium</strong></span> <span class='ocrx_word' id='word_1_202' title='bbox 385 1855 479 1893; x_wconf 88' lang='lat' dir='ltr'><strong>manus</strong></span> <span class='ocrx_word' id='word_1_203' title='bbox 491 1841 615 1909; x_wconf 85' lang='lat' dir='ltr'><strong>praedae.</strong></span> 
     </span>
    </p>
   </div>
   <div class='ocr_carea' id='block_1_12' title="bbox 16 1907 1023 2100">
    <p class='ocr_par' dir='ltr' id='par_1_12' title="bbox 16 1907 1023 2100">
     <span class='ocr_line' id='line_1_25' title="bbox 142 1907 1023 1979; baseline 0 -19"><span class='ocrx_word' id='word_1_204' title='bbox 142 1913 186 1962; x_wconf 88' lang='grc'><strong>35.</strong></span> <span class='ocrx_word' id='word_1_205' title='bbox 211 1907 326 1977; x_wconf 85' lang='lat' dir='ltr'><strong>Jamque</strong></span> <span class='ocrx_word' id='word_1_206' title='bbox 352 1909 432 1962; x_wconf 87' lang='lat' dir='ltr'><strong>etiarn</strong></span> <span class='ocrx_word' id='word_1_207' title='bbox 456 1907 490 1961; x_wconf 91' lang='lat' dir='ltr'><strong>ad</strong></span> <span class='ocrx_word' id='word_1_208' title='bbox 514 1927 567 1978; x_wconf 85' lang='lat' dir='ltr'><strong>eoa,</strong></span> <span class='ocrx_word' id='word_1_209' title='bbox 590 1908 637 1979; x_wconf 92' lang='lat' dir='ltr'><strong>qui</strong></span> <span class='ocrx_word' id='word_1_210' title='bbox 659 1909 737 1978; x_wconf 87' lang='lat' dir='ltr'><strong>primi</strong></span> <span class='ocrx_word' id='word_1_211' title='bbox 760 1907 888 1975; x_wconf 83' lang='lat' dir='ltr'><strong>fugerant,</strong></span> <span class='ocrx_word' id='word_1_212' title='bbox 914 1916 1023 1960; x_wconf 87' lang='lat' dir='ltr'><strong>rantum</strong></span> 
     </span>
     <span class='ocr_line' id='line_1_26' title="bbox 16 1975 1021 2100; baseline 0 -72"><span class='ocrx_word' id='word_1_213' title='bbox 16 2025 18 2048; x_wconf 53' lang='lat'><strong>,</strong></span> <span class='ocrx_word' id='word_1_214' title='bbox 108 1987 182 2030; x_wconf 87' lang='lat' dir='ltr'><strong>erat:</strong></span> <span class='ocrx_word' id='word_1_215' title='bbox 214 1977 332 2038; x_wconf 84' lang='lat' dir='ltr'><strong>feminae</strong></span> <span class='ocrx_word' id='word_1_216' title='bbox 356 1976 509 2048; x_wconf 77' lang='lat' dir='ltr'><strong>pleraeque⁹</strong></span> <span class='ocrx_word' id='word_1_217' title='bbox 531 1995 625 2100; x_wconf 57' lang='lat' dir='ltr'><strong>parvos</strong></span> <span class='ocrx_word' id='word_1_218' title='bbox 649 1978 784 2030; x_wconf 84' lang='lat' dir='ltr'><strong>trahentes</strong></span> <span class='ocrx_word' id='word_1_219' title='bbox 813 1977 910 2029; x_wconf 88' lang='lat' dir='ltr'><strong>liberos</strong></span> <span class='ocrx_word' id='word_1_220' title='bbox 941 1975 1021 2028; x_wconf 87' lang='lat' dir='ltr'><strong>ibant.</strong></span> 
     </span>
    </p>
   </div>
   <div class='ocr_carea' id='block_1_13' title="bbox 16 2039 1021 2128">
    <p class='ocr_par' dir='ltr' id='par_1_13' title="bbox 16 2039 1021 2128">
     <span class='ocr_line' id='line_1_27' title="bbox 16 2039 1021 2128; baseline -0.003 -28"><span class='ocrx_word' id='word_1_221' title='bbox 16 2063 17 2082; x_wconf 47' lang='grc' dir='ltr'><strong>ι</strong></span> <span class='ocrx_word' id='word_1_222' title='bbox 108 2046 180 2100; x_wconf 87' lang='lat' dir='ltr'><strong>Inter</strong></span> <span class='ocrx_word' id='word_1_223' title='bbox 193 2058 262 2116; x_wconf 87' lang='lat' dir='ltr'><strong>quae</strong></span> <span class='ocrx_word' id='word_1_224' title='bbox 279 2045 353 2098; x_wconf 86' lang='lat' dir='ltr'><strong>suere</strong></span> <span class='ocrx_word' id='word_1_225' title='bbox 366 2048 479 2117; x_wconf 87' lang='lat' dir='ltr'><strong>virginis,</strong></span> <span class='ocrx_word' id='word_1_226' title='bbox 493 2049 530 2100; x_wconf 93' lang='lat' dir='ltr'><strong>Oc</strong></span> <span class='ocrx_word' id='word_1_227' title='bbox 545 2039 626 2128; x_wconf 63' lang='lat' dir='ltr'><strong>&#39;&#39;i„qui</strong></span> <span class='ocrx_word' id='word_1_228' title='bbox 644 2057 705 2099; x_wconf 87' lang='lat' dir='ltr'><strong>ante</strong></span> <span class='ocrx_word' id='word_1_229' title='bbox 724 2047 839 2100; x_wconf 87' lang='lat' dir='ltr'><strong>Dareum</strong></span> <span class='ocrx_word' id='word_1_230' title='bbox 859 2055 1021 2114; x_wconf 81' lang='lat' dir='ltr'><strong>regnaverat,</strong></span> 
     </span>
    </p>
   </div>
   <div class='ocr_carea' id='block_1_14' title="bbox 108 2115 1022 2187">
    <p class='ocr_par' dir='ltr' id='par_1_14' title="bbox 108 2115 1022 2187">
     <span class='ocr_line' id='line_1_28' title="bbox 108 2115 1022 2187; baseline 0 -19"><span class='ocrx_word' id='word_1_231' title='bbox 108 2115 189 2185; x_wconf 79' lang='lat' dir='ltr'><strong>filiae,</strong></span> <span class='ocrx_word' id='word_1_232' title='bbox 216 2115 277 2170; x_wconf 91' lang='lat' dir='ltr'><strong>olim</strong></span> <span class='ocrx_word' id='word_1_233' title='bbox 302 2116 409 2186; x_wconf 87' lang='lat' dir='ltr'><strong>quidem</strong></span> <span class='ocrx_word' id='word_1_234' title='bbox 434 2135 468 2170; x_wconf 80' lang='lat' dir='ltr'><strong>ex</strong></span> <span class='ocrx_word' id='word_1_235' title='bbox 491 2117 595 2185; x_wconf 83' lang='lat' dir='ltr'><strong>fastigio</strong></span> <span class='ocrx_word' id='word_1_236' title='bbox 623 2126 732 2187; x_wconf 89' lang='lat' dir='ltr'><strong>paterno</strong></span> <span class='ocrx_word' id='word_1_237' title='bbox 762 2132 848 2168; x_wconf 90' lang='lat' dir='ltr'><strong>rerum</strong></span> <span class='ocrx_word' id='word_1_238' title='bbox 877 2119 1022 2171; x_wconf 87' lang='lat' dir='ltr'><strong>mutatione</strong></span> 
     </span>
    </p>
   </div>
   <div class='ocr_carea' id='block_1_15' title="bbox 108 2184 1022 2254">
    <p class='ocr_par' dir='ltr' id='par_1_15' title="bbox 16 2173 1022 2254">
     <span class='ocr_line' id='line_1_29' title="bbox 108 2184 1022 2254; baseline -0.003 -16.274"><span class='ocrx_word' id='word_1_239' title='bbox 108 2185 254 2253; x_wconf 85' lang='lat' dir='ltr'><strong>detractae,</strong></span> <span class='ocrx_word' id='word_1_240' title='bbox 274 2187 320 2237; x_wconf 91' lang='lat' dir='ltr'><strong>sed</strong></span> <span class='ocrx_word' id='word_1_241' title='bbox 340 2195 397 2240; x_wconf 87' lang='lat' dir='ltr'><strong>turn</strong></span> <span class='ocrx_word' id='word_1_242' title='bbox 418 2196 517 2242; x_wconf 83' lang='lat' dir='ltr'><strong>sortem</strong></span> <span class='ocrx_word' id='word_1_243' title='bbox 535 2204 624 2240; x_wconf 88' lang='lat' dir='ltr'><strong>earum</strong></span> <span class='ocrx_word' id='word_1_244' title='bbox 644 2185 777 2240; x_wconf 85' lang='lat' dir='ltr'><strong>crudelius</strong></span> <span class='ocrx_word' id='word_1_245' title='bbox 793 2195 953 2254; x_wconf 86' lang='lat' dir='ltr'><strong>aggravante</strong></span> <span class='ocrx_word' id='word_1_246' title='bbox 972 2184 1022 2236; x_wconf 86' lang='lat' dir='ltr'><strong>for-</strong></span> 
     </span>
    </p>
   </div>
   <div class='ocr_carea' id='block_1_16' title="bbox 16 2254 1021 2534">
    <p class='ocr_par' dir='ltr' id='par_1_16' title="bbox 16 2254 1021 2534">
     <span class='ocr_line' id='line_1_30' title="bbox 16 2254 1021 2326; baseline -0.001 -20"><span class='ocrx_word' id='word_1_247' title='bbox 16 2305 19 2322; x_wconf 66' lang='lat'>‚</span> <span class='ocrx_word' id='word_1_248' title='bbox 109 2264 182 2307; x_wconf 90' lang='lat' dir='ltr'><strong>tuna.</strong></span> <span class='ocrx_word' id='word_1_249' title='bbox 232 2255 261 2307; x_wconf 93' lang='lat' dir='ltr'><strong>ln</strong></span> <span class='ocrx_word' id='word_1_250' title='bbox 285 2255 380 2308; x_wconf 87' lang='lat' dir='ltr'><strong>eodem</strong></span> <span class='ocrx_word' id='word_1_251' title='bbox 403 2274 484 2324; x_wconf 86' lang='lat' dir='ltr'><strong>grege</strong></span> <span class='ocrx_word' id='word_1_252' title='bbox 507 2273 572 2310; x_wconf 85' lang='lat' dir='ltr'><strong>uxor</strong></span> <span class='ocrx_word' id='word_1_253' title='bbox 594 2272 699 2325; x_wconf 88' lang='lat' dir='ltr'><strong>quoque</strong></span> <span class='ocrx_word' id='word_1_254' title='bbox 728 2255 849 2326; x_wconf 87' lang='lat' dir='ltr'><strong>ejusdem</strong></span> <span class='ocrx_word' id='word_1_255' title='bbox 873 2255 939 2308; x_wconf 90' lang='lat' dir='ltr'><strong>Ochi</strong></span> <span class='ocrx_word' id='word_1_256' title='bbox 964 2254 1021 2322; x_wconf 88' lang='lat' dir='ltr'><strong>luit,</strong></span> 
     </span>
     <span class='ocr_line' id='line_1_31' title="bbox 16 2321 1021 2395; baseline -0.002 -18"><span class='ocrx_word' id='word_1_257' title='bbox 16 2341 17 2344; x_wconf 73' lang='grc'>’</span> <span class='ocrx_word' id='word_1_258' title='bbox 109 2323 288 2393; x_wconf 84' lang='lat' dir='ltr'><strong>Oxathrisque</strong></span> <span class='ocrx_word' id='word_1_259' title='bbox 301 2324 393 2395; x_wconf 82' lang='lat' dir='ltr'><strong>(frater</strong></span> <span class='ocrx_word' id='word_1_260' title='bbox 403 2325 448 2378; x_wconf 92' lang='lat' dir='ltr'><strong>hic</strong></span> <span class='ocrx_word' id='word_1_261' title='bbox 467 2335 523 2378; x_wconf 89' lang='lat' dir='ltr'><strong>erat</strong></span> <span class='ocrx_word' id='word_1_262' title='bbox 542 2325 631 2395; x_wconf 87' lang='lat' dir='ltr'><strong>Darei)</strong></span> <span class='ocrx_word' id='word_1_263' title='bbox 643 2326 704 2395; x_wconf 82' lang='lat' dir='ltr'><strong>ntia,</strong></span> <span class='ocrx_word' id='word_1_264' title='bbox 718 2336 744 2377; x_wconf 90' lang='lat' dir='ltr'><strong>et</strong></span> <span class='ocrx_word' id='word_1_265' title='bbox 762 2325 875 2395; x_wconf 86' lang='lat' dir='ltr'><strong>conjunx</strong></span> <span class='ocrx_word' id='word_1_266' title='bbox 888 2321 1021 2391; x_wconf 76' lang='lat' dir='ltr'><strong>Artabazi,</strong></span> 
     </span>
     <span class='ocr_line' id='line_1_32' title="bbox 127 2393 1021 2464; baseline 0 -20"><span class='ocrx_word' id='word_1_267' title='bbox 127 2393 237 2462; x_wconf 87' lang='lat' dir='ltr'><strong>rincipis</strong></span> <span class='ocrx_word' id='word_1_268' title='bbox 260 2404 467 2464; x_wconf 90' lang='lat' dir='ltr'><strong>purpuratorum,</strong></span> <span class='ocrx_word' id='word_1_269' title='bbox 492 2405 518 2447; x_wconf 89' lang='lat' dir='ltr'><strong>et</strong></span> <span class='ocrx_word' id='word_1_270' title='bbox 547 2395 626 2462; x_wconf 85' lang='lat' dir='ltr'><strong>filius,</strong></span> <span class='ocrx_word' id='word_1_271' title='bbox 652 2395 695 2447; x_wconf 93' lang='lat' dir='ltr'><strong>cui</strong></span> <span class='ocrx_word' id='word_1_272' title='bbox 720 2395 820 2448; x_wconf 92' lang='lat' dir='ltr'><strong>Ilioneo</strong></span> <span class='ocrx_word' id='word_1_273' title='bbox 843 2393 892 2447; x_wconf 85' lang='lat' dir='ltr'><strong>init</strong></span> <span class='ocrx_word' id='word_1_274' title='bbox 916 2403 1021 2446; x_wconf 81' lang='lat' dir='ltr'><strong>nornen.</strong></span> 
     </span>
     <span class='ocr_line' id='line_1_33' title="bbox 108 2410 1021 2534; baseline -0.001 -19"><span class='ocrx_word' id='word_1_275' title='bbox 108 2410 277 2518; x_wconf 57' lang='lat' dir='ltr'><strong>iharnabazi</strong></span> <span class='ocrx_word' id='word_1_276' title='bbox 289 2479 401 2532; x_wconf 91' lang='lat' dir='ltr'><strong>quoque,</strong></span> <span class='ocrx_word' id='word_1_277' title='bbox 415 2465 458 2516; x_wconf 91' lang='lat' dir='ltr'><strong>cui</strong></span> <span class='ocrx_word' id='word_1_278' title='bbox 477 2481 612 2516; x_wconf 86' lang='lat' dir='ltr'><strong>summum</strong></span> <span class='ocrx_word' id='word_1_279' title='bbox 633 2465 773 2534; x_wconf 90' lang='lat' dir='ltr'><strong>imperium</strong></span> <span class='ocrx_word' id='word_1_280' title='bbox 792 2464 941 2520; x_wconf 84' lang='lat' dir='ltr'><strong>maritimae</strong></span> <span class='ocrx_word' id='word_1_281' title='bbox 959 2479 1021 2516; x_wconf 89' lang='lat' dir='ltr'><strong>oras</strong></span> 
     </span>
    </p>
   </div>
   <div class='ocr_carea' id='block_1_17' title="bbox 108 2562 1022 3508">
    <p class='ocr_par' dir='ltr' id='par_1_17' title="bbox 108 2562 1022 3508">
     <span class='ocr_line' id='line_1_34' title="bbox 108 2562 1022 2632; baseline 0 -22"><span class='ocrx_word' id='word_1_282' title='bbox 108 2572 201 2632; x_wconf 75' lang='lat' dir='ltr'><strong>meunt,</strong></span> <span class='ocrx_word' id='word_1_283' title='bbox 211 2571 252 2609; x_wconf 89' lang='lat' dir='ltr'><strong>not</strong></span> <span class='ocrx_word' id='word_1_284' title='bbox 259 2562 300 2610; x_wconf 89' lang='lat' dir='ltr'><strong>the</strong></span> <span class='ocrx_word' id='word_1_285' title='bbox 307 2562 436 2626; x_wconf 86' lang='lat' dir='ltr'><strong>buildings.</strong></span> <span class='ocrx_word' id='word_1_286' title='bbox 453 2563 502 2611; x_wconf 88' lang='lat' dir='ltr'><strong>But</strong></span> <span class='ocrx_word' id='word_1_287' title='bbox 509 2565 658 2632; x_wconf 80' lang='lat' dir='ltr'><strong>sometimes,</strong></span> <span class='ocrx_word' id='word_1_288' title='bbox 668 2565 738 2612; x_wconf 87' lang='lat' dir='ltr'><strong>when</strong></span> <span class='ocrx_word' id='word_1_289' title='bbox 745 2582 758 2612; x_wconf 88' lang='lat' dir='ltr'><strong>a</strong></span> <span class='ocrx_word' id='word_1_290' title='bbox 765 2575 827 2613; x_wconf 87' lang='lat' dir='ltr'><strong>state</strong></span> <span class='ocrx_word' id='word_1_291' title='bbox 835 2565 954 2612; x_wconf 85' lang='lat' dir='ltr'><strong>coincides</strong></span> <span class='ocrx_word' id='word_1_292' title='bbox 962 2562 1022 2611; x_wconf 86' lang='lat' dir='ltr'><strong>with</strong></span> 
     </span>
     <span class='ocr_line' id='line_1_35' title="bbox 108 2621 905 2729; baseline 0.003 -61"><span class='ocrx_word' id='word_1_293' title='bbox 108 2621 417 2729; x_wconf 51' lang='lat' dir='ltr'><strong>aqrqpssgqrqsterqqtqpqpsr</strong></span> <span class='ocrx_word' id='word_1_294' title='bbox 427 2633 454 2670; x_wconf 87' lang='lat' dir='ltr'><strong>to</strong></span> <span class='ocrx_word' id='word_1_295' title='bbox 463 2623 504 2672; x_wconf 84' lang='lat' dir='ltr'><strong>the</strong></span> <span class='ocrx_word' id='word_1_296' title='bbox 515 2639 562 2672; x_wconf 89' lang='lat' dir='ltr'><strong>one</strong></span> <span class='ocrx_word' id='word_1_297' title='bbox 573 2639 593 2671; x_wconf 88' lang='lat' dir='ltr'><strong>rs</strong></span> <span class='ocrx_word' id='word_1_298' title='bbox 604 2624 655 2672; x_wconf 88' lang='lat' dir='ltr'><strong>ulso</strong></span> <span class='ocrx_word' id='word_1_299' title='bbox 666 2625 725 2672; x_wconf 89' lang='lat' dir='ltr'><strong>used</strong></span> <span class='ocrx_word' id='word_1_300' title='bbox 737 2625 773 2673; x_wconf 88' lang='lat' dir='ltr'><strong>sor</strong></span> <span class='ocrx_word' id='word_1_301' title='bbox 783 2625 824 2672; x_wconf 89' lang='lat' dir='ltr'><strong>the</strong></span> <span class='ocrx_word' id='word_1_302' title='bbox 835 2625 905 2671; x_wconf 89' lang='lat' dir='ltr'><strong>other</strong></span> 
     </span>
     <span class='ocr_line' id='line_1_36' title="bbox 134 2696 1020 2802; baseline 0.001 -17"><span class='ocrx_word' id='word_1_303' title='bbox 134 2743 147 2768; x_wconf 73' lang='lat'>²</span> <span class='ocrx_word' id='word_1_304' title='bbox 160 2741 216 2786; x_wconf 85' lang='lat' dir='ltr'><strong>‘Aa</strong></span> <span class='ocrx_word' id='word_1_305' title='bbox 227 2696 424 2799; x_wconf 70' lang='lat' dir='ltr'><strong>rhe’ypcourd&#39;nor</strong></span> <span class='ocrx_word' id='word_1_306' title='bbox 439 2741 666 2802; x_wconf 87' lang='lat' dir='ltr'><strong>endure&#39;-supply‚</strong></span> <span class='ocrx_word' id='word_1_307' title='bbox 683 2743 737 2790; x_wconf 87' lang='lat' dir='ltr'><strong>‘the</strong></span> <span class='ocrx_word' id='word_1_308' title='bbox 749 2742 839 2802; x_wconf 84' lang='lat' dir='ltr'><strong>weigbt</strong></span> <span class='ocrx_word' id='word_1_309' title='bbox 855 2739 883 2787; x_wconf 84' lang='lat' dir='ltr'><strong>ol</strong></span> <span class='ocrx_word' id='word_1_310' title='bbox 894 2739 956 2786; x_wconf 87' lang='lat' dir='ltr'><strong>their</strong></span> <span class='ocrx_word' id='word_1_311' title='bbox 965 2740 1020 2786; x_wconf 88' lang='lat' dir='ltr'><strong>bur-</strong></span> 
     </span>
     <span class='ocr_line' id='line_1_37' title="bbox 108 2797 1022 2858; baseline 0.002 -14"><span class='ocrx_word' id='word_1_312' title='bbox 108 2797 186 2846; x_wconf 86' lang='lat' dir='ltr'><strong>dens.’</strong></span> <span class='ocrx_word' id='word_1_313' title='bbox 206 2797 279 2858; x_wconf 88' lang='lat' dir='ltr'><strong>They</strong></span> <span class='ocrx_word' id='word_1_314' title='bbox 288 2814 351 2846; x_wconf 90' lang='lat' dir='ltr'><strong>were</strong></span> <span class='ocrx_word' id='word_1_315' title='bbox 360 2801 504 2849; x_wconf 90' lang='lat' dir='ltr'><strong>benumbed.</strong></span> <span class='ocrx_word' id='word_1_316' title='bbox 521 2801 544 2848; x_wconf 91' lang='lat' dir='ltr'><strong>It</strong></span> <span class='ocrx_word' id='word_1_317' title='bbox 553 2817 603 2850; x_wconf 82' lang='lat' dir='ltr'><strong>was</strong></span> <span class='ocrx_word' id='word_1_318' title='bbox 611 2802 652 2849; x_wconf 85' lang='lat' dir='ltr'><strong>the</strong></span> <span class='ocrx_word' id='word_1_319' title='bbox 662 2802 849 2853; x_wconf 85' lang='lat' dir='ltr'><strong>winterseason.</strong></span> <span class='ocrx_word' id='word_1_320' title='bbox 862 2813 918 2844; x_wconf 88' lang='lat' dir='ltr'><strong>near</strong></span> <span class='ocrx_word' id='word_1_321' title='bbox 927 2797 967 2844; x_wconf 87' lang='lat' dir='ltr'><strong>the</strong></span> <span class='ocrx_word' id='word_1_322' title='bbox 975 2797 1022 2846; x_wconf 88' lang='lat' dir='ltr'><strong>end</strong></span> 
     </span>
     <span class='ocr_line' id='line_1_38' title="bbox 108 2857 924 2974; baseline -0.001 -70"><span class='ocrx_word' id='word_1_323' title='bbox 108 2857 327 2974; x_wconf 47' lang='lat' dir='ltr'><strong>oi&#39;3‘3r3ffithiipqqrd</strong></span> <span class='ocrx_word' id='word_1_324' title='bbox 337 2859 379 2906; x_wconf 89' lang='lat' dir='ltr'><strong>the</strong></span> <span class='ocrx_word' id='word_1_325' title='bbox 390 2860 487 2908; x_wconf 85' lang='lat' dir='ltr'><strong>wintere</strong></span> <span class='ocrx_word' id='word_1_326' title='bbox 498 2877 538 2908; x_wconf 90' lang='lat' dir='ltr'><strong>are</strong></span> <span class='ocrx_word' id='word_1_327' title='bbox 549 2876 634 2910; x_wconf 86' lang='lat' dir='ltr'><strong>severe</strong></span> <span class='ocrx_word' id='word_1_328' title='bbox 645 2861 670 2908; x_wconf 93' lang='lat' dir='ltr'><strong>in</strong></span> <span class='ocrx_word' id='word_1_329' title='bbox 680 2861 732 2909; x_wconf 83' lang='lat' dir='ltr'><strong>that</strong></span> <span class='ocrx_word' id='word_1_330' title='bbox 743 2869 795 2919; x_wconf 89' lang='lat' dir='ltr'><strong>part</strong></span> <span class='ocrx_word' id='word_1_331' title='bbox 805 2857 834 2905; x_wconf 86' lang='lat' dir='ltr'><strong>os</strong></span> <span class='ocrx_word' id='word_1_332' title='bbox 846 2857 924 2954; x_wconf 80' lang='lat' dir='ltr'><strong>Syria.</strong></span> 
     </span>
     <span class='ocr_line' id='line_1_39' title="bbox 136 2975 460 3037; baseline 0.012 -16"><span class='ocrx_word' id='word_1_333' title='bbox 136 2981 145 3004; x_wconf 85' lang='lat'>⁴</span> <span class='ocrx_word' id='word_1_334' title='bbox 158 2979 164 3002; x_wconf 88' lang='lat'>‘</span> <span class='ocrx_word' id='word_1_335' title='bbox 175 2975 303 3035; x_wconf 80' lang='lat' dir='ltr'><strong>Eecorted’</strong></span> <span class='ocrx_word' id='word_1_336' title='bbox 317 2991 343 3024; x_wconf 86' lang='lat' dir='ltr'><strong>ae</strong></span> <span class='ocrx_word' id='word_1_337' title='bbox 354 2991 368 3024; x_wconf 89' lang='lat' dir='ltr'><strong>a</strong></span> <span class='ocrx_word' id='word_1_338' title='bbox 378 2977 460 3037; x_wconf 87' lang='lat' dir='ltr'><strong>guard.</strong></span> 
     </span>
     <span class='ocr_line' id='line_1_40' title="bbox 137 3034 332 3094; baseline 0 -12"><span class='ocrx_word' id='word_1_339' title='bbox 137 3042 145 3067; x_wconf 83' lang='lat'>¹</span> <span class='ocrx_word' id='word_1_340' title='bbox 158 3039 164 3061; x_wconf 78' lang='lat'>⁸</span> <span class='ocrx_word' id='word_1_341' title='bbox 175 3034 332 3094; x_wconf 65' lang='lat' dir='ltr'><strong>Byepaths!</strong></span> 
     </span>
     <span class='ocr_line' id='line_1_41' title="bbox 135 3093 879 3201; baseline 0.024 -77"><span class='ocrx_word' id='word_1_342' title='bbox 135 3099 145 3124; x_wconf 76' lang='lat' dir='ltr'><strong>a</strong></span> <span class='ocrx_word' id='word_1_343' title='bbox 156 3094 299 3201; x_wconf 57' lang='lat' dir='ltr'><strong>qflpenrinq</strong></span> <span class='ocrx_word' id='word_1_344' title='bbox 310 3104 335 3141; x_wconf 93' lang='lat' dir='ltr'><strong>to</strong></span> <span class='ocrx_word' id='word_1_345' title='bbox 344 3096 375 3141; x_wconf 92' lang='lat' dir='ltr'><strong>be</strong></span> <span class='ocrx_word' id='word_1_346' title='bbox 386 3094 521 3164; x_wconf 81' lang='lat' dir='ltr'><strong>lrightened</strong></span> <span class='ocrx_word' id='word_1_347' title='bbox 533 3093 637 3150; x_wconf 83' lang='lat' dir='ltr'><strong>himself,</strong></span> <span class='ocrx_word' id='word_1_348' title='bbox 651 3094 681 3162; x_wconf 82' lang='lat' dir='ltr'><strong>lie</strong></span> <span class='ocrx_word' id='word_1_349' title='bbox 692 3093 812 3153; x_wconf 87' lang='lat' dir='ltr'><strong>produced</strong></span> <span class='ocrx_word' id='word_1_350' title='bbox 823 3094 879 3143; x_wconf 84' lang='lat' dir='ltr'><strong>sear.</strong></span> 
     </span>
     <span class='ocr_line' id='line_1_42' title="bbox 121 3153 1021 3224; baseline 0.002 -24"><span class='ocrx_word' id='word_1_351' title='bbox 121 3211 125 3220; x_wconf 36' lang='grc' dir='ltr'>ι</span> <span class='ocrx_word' id='word_1_352' title='bbox 136 3157 145 3180; x_wconf 74' lang='lat'><em>¹</em></span> <span class='ocrx_word' id='word_1_353' title='bbox 156 3153 174 3200; x_wconf 93' lang='lat' dir='ltr'><strong>&#39;l</strong></span> <span class='ocrx_word' id='word_1_354' title='bbox 199 3168 213 3200; x_wconf 88' lang='lat' dir='ltr'><strong>e</strong></span> <span class='ocrx_word' id='word_1_355' title='bbox 224 3169 282 3213; x_wconf 84' lang='lat' dir='ltr'><strong>gree</strong></span> <span class='ocrx_word' id='word_1_356' title='bbox 299 3169 315 3212; x_wconf 87' lang='lat' dir='ltr'>y</span> <span class='ocrx_word' id='word_1_357' title='bbox 325 3169 470 3213; x_wconf 84' lang='lat' dir='ltr'><strong>conquerere</strong></span> <span class='ocrx_word' id='word_1_358' title='bbox 481 3155 521 3202; x_wconf 91' lang='lat' dir='ltr'><strong>drd</strong></span> <span class='ocrx_word' id='word_1_359' title='bbox 533 3164 574 3224; x_wconf 87' lang='lat' dir='ltr'><strong>not</strong></span> <span class='ocrx_word' id='word_1_360' title='bbox 585 3154 643 3200; x_wconf 85' lang='lat' dir='ltr'><strong>take</strong></span> <span class='ocrx_word' id='word_1_361' title='bbox 655 3162 712 3200; x_wconf 91' lang='lat' dir='ltr'><strong>trme</strong></span> <span class='ocrx_word' id='word_1_362' title='bbox 723 3163 749 3201; x_wconf 93' lang='lat' dir='ltr'><strong>to</strong></span> <span class='ocrx_word' id='word_1_363' title='bbox 760 3153 831 3202; x_wconf 84' lang='lat' dir='ltr'><strong>make</strong></span> <span class='ocrx_word' id='word_1_364' title='bbox 842 3155 903 3202; x_wconf 89' lang='lat' dir='ltr'><strong>auch</strong></span> <span class='ocrx_word' id='word_1_365' title='bbox 914 3169 927 3201; x_wconf 90' lang='lat' dir='ltr'><strong>a</strong></span> <span class='ocrx_word' id='word_1_366' title='bbox 938 3153 1021 3202; x_wconf 86' lang='lat' dir='ltr'><strong>reflec-</strong></span> 
     </span>
     <span class='ocr_line' id='line_1_43' title="bbox 110 3220 1021 3340; baseline 0.001 -22"><span class='ocrx_word' id='word_1_367' title='bbox 110 3220 167 3300; x_wconf 55' lang='lat' dir='ltr'>u⁰⁸n²</span> <span class='ocrx_word' id='word_1_368' title='bbox 176 3270 252 3318; x_wconf 88' lang='lat' dir='ltr'><strong>Were</strong></span> <span class='ocrx_word' id='word_1_369' title='bbox 264 3269 351 3332; x_wconf 87' lang='lat' dir='ltr'><strong>solrght</strong></span> <span class='ocrx_word' id='word_1_370' title='bbox 360 3281 411 3328; x_wconf 88' lang='lat' dir='ltr'><strong>cut,</strong></span> <span class='ocrx_word' id='word_1_371' title='bbox 422 3273 468 3320; x_wconf 86' lang='lat' dir='ltr'><strong>and</strong></span> <span class='ocrx_word' id='word_1_372' title='bbox 479 3271 566 3330; x_wconf 86' lang='lat' dir='ltr'><strong>piclred</strong></span> <span class='ocrx_word' id='word_1_373' title='bbox 575 3270 624 3330; x_wconf 67' lang='lat' dir='ltr'><strong>up.5</strong></span> <span class='ocrx_word' id='word_1_374' title='bbox 658 3269 712 3318; x_wconf 87' lang='lat' dir='ltr'><strong>The</strong></span> <span class='ocrx_word' id='word_1_375' title='bbox 723 3273 785 3340; x_wconf 79' lang='lat' dir='ltr'><strong>verb¹</strong></span> <span class='ocrx_word' id='word_1_376' title='bbox 792 3272 812 3320; x_wconf 85' lang='lat' dir='ltr'><strong>ie</strong></span> <span class='ocrx_word' id='word_1_377' title='bbox 821 3270 953 3319; x_wconf 89' lang='lat' dir='ltr'><strong>connected</strong></span> <span class='ocrx_word' id='word_1_378' title='bbox 963 3271 1021 3319; x_wconf 88' lang='lat' dir='ltr'><strong>with</strong></span> 
     </span>
     <span class='ocr_line' id='line_1_44' title="bbox 111 3330 1020 3393; baseline 0 -16"><span class='ocrx_word' id='word_1_379' title='bbox 111 3331 223 3385; x_wconf 78' lang='lat' dir='ltr'><strong>demersa,</strong></span> <span class='ocrx_word' id='word_1_380' title='bbox 236 3332 280 3377; x_wconf 88' lang='lat' dir='ltr'><strong>but</strong></span> <span class='ocrx_word' id='word_1_381' title='bbox 291 3331 392 3393; x_wconf 84' lang='lat' dir='ltr'><strong>belongs</strong></span> <span class='ocrx_word' id='word_1_382' title='bbox 403 3331 463 3387; x_wconf 85' lang='lat' dir='ltr'><strong>also,</strong></span> <span class='ocrx_word' id='word_1_383' title='bbox 477 3330 569 3390; x_wconf 89' lang='lat' dir='ltr'><strong>though</strong></span> <span class='ocrx_word' id='word_1_384' title='bbox 587 3339 627 3377; x_wconf 92' lang='lat' dir='ltr'><strong>not</strong></span> <span class='ocrx_word' id='word_1_385' title='bbox 640 3345 667 3377; x_wconf 88' lang='lat' dir='ltr'><strong>eo</strong></span> <span class='ocrx_word' id='word_1_386' title='bbox 678 3331 861 3390; x_wconf 85' lang='lat' dir='ltr'><strong>approprietely,</strong></span> <span class='ocrx_word' id='word_1_387' title='bbox 875 3340 899 3376; x_wconf 84' lang='lat' dir='ltr'><strong>to</strong></span> <span class='ocrx_word' id='word_1_388' title='bbox 911 3332 1020 3378; x_wconf 80' lang='lat' dir='ltr'><strong>lacerato.</strong></span> 
     </span>
     <span class='ocr_line' id='line_1_45' title="bbox 113 3387 916 3508; baseline -0.004 -13"><span class='ocrx_word' id='word_1_389' title='bbox 113 3387 253 3496; x_wconf 56' lang='lat' dir='ltr'><strong>se&#39;e‘ildldii&#39;</strong></span> <span class='ocrx_word' id='word_1_390' title='bbox 255 3388 364 3497; x_wconf 53' lang='grc' dir='ltr'><strong>ῐθ’ΐῗὶιῖιγιῗιΙ</strong></span> <span class='ocrx_word' id='word_1_391' title='bbox 371 3447 466 3508; x_wconf 86' lang='lat' dir='ltr'><strong>leading</strong></span> <span class='ocrx_word' id='word_1_392' title='bbox 477 3449 539 3496; x_wconf 88' lang='lat' dir='ltr'><strong>their</strong></span> <span class='ocrx_word' id='word_1_393' title='bbox 550 3449 612 3496; x_wconf 91' lang='lat' dir='ltr'><strong>little</strong></span> <span class='ocrx_word' id='word_1_394' title='bbox 623 3448 730 3496; x_wconf 89' lang='lat' dir='ltr'><strong>children</strong></span> <span class='ocrx_word' id='word_1_395' title='bbox 741 3451 773 3508; x_wconf 89' lang='lat' dir='ltr'><strong>by</strong></span> <span class='ocrx_word' id='word_1_396' title='bbox 785 3448 825 3495; x_wconf 87' lang='lat' dir='ltr'><strong>tha</strong></span> <span class='ocrx_word' id='word_1_397' title='bbox 837 3444 916 3494; x_wconf 80' lang='lat' dir='ltr'><strong>hand&#39;</strong></span> 
     </span>
    </p>
   </div>
   <div class='ocr_carea' id='block_1_18' title="bbox 0 0 1167 3850">
    <p class='ocr_par' dir='ltr' id='par_1_18' title="bbox 0 0 1167 3850">
     <span class='ocr_line' id='line_1_46' title="bbox 0 0 1167 3850; baseline 0 0"><span class='ocrx_word' id='word_1_398' title='bbox 0 0 1167 3850; x_wconf 95' lang='lat' dir='ltr'><strong> </strong></span> 
     </span>
    </p>
   </div>
  </div>
 </body>
</html>
