2294 3842
492 219 587 261 ursan
607 221 672 262 vin.
977 211 1036 270 887

115 327 244 387 moverat3
263 335 330 375 cum
352 322 391 392 hi,
402 325 452 446 gui
470 341 565 381 currus
583 329 707 399 agebant,
721 331 798 385 illud¹
817 333 941 386 ultimum
961 333 1035 388 suxi·

115 387 173 442 lium
186 405 296 444 snorum
310 394 371 461 rati,
384 411 401 446 e
426 394 482 448 usis
495 396 610 452 habenis
623 400 648 451 in
661 400 782 454 medium
795 401 940 456 discrimen
959 419 1035 456 ruere

113 468 260 528 coeperunt.
298 463 415 532 Anceps
432 463 460 516 id
480 465 581 520 malurn
595 469 714 537 utrisque
726 477 797 522 erat:
817 487 880 524 nam
898 479 925 524 et
943 472 1035 524 Mace·

111 523 211 609 donum,
227 528 340 609 pedites
365 533 453 611 primo
473 534 578 604 impetn
600 537 796 607 obterebantur,
816 547 844 592 et
864 556 912 608 per
932 539 1034 594 lubrica

41 666 43 676 ,
110 603 185 664 atque
204 615 277 650 rnvra
297 602 418 654 immissi
439 617 531 656 currus
552 606 800 675 excutiebant²eos
813 608 940 677 aquibus
961 626 1033 678 rege·

41 687 42 690 ¹
110 663 214 719 bantur:
237 668 357 722 aliorum
380 671 482 724 turbati
502 675 565 742 equi
585 691 635 727 non
657 677 684 728 in
704 678 843 745 voragines
862 677 942 729 modo
961 677 1032 732 lacu-

108 749 210 804 nasque,
225 737 378 816 sedetiam
393 739 421 793 ln
433 758 543 796 amnem
556 744 648 812 praeci
667 746 767 798 itavere
779 745 909 799 curricula
917 747 936 813 3⁸
954 749 1031 815 pauci

107 803 162 885 telis
174 805 294 860 bostrum
304 809 399 862 exacti
408 818 586 880 penetravere
597 813 633 866 ad
645 761 743 868 dorum
761 814 896 868 acerrime
913 831 1030 884 pugnarn

105 885 225 928 cientem.
1021 931 1030 938 .

135 949 175 997 48.
195 945 230 1014 ls,
244 953 275 998 ut
295 946 448 1018 dissipatos
466 956 523 1002 tcta
534 951 595 1003 acie
607 968 699 1005 curnrs
711 952 803 1020 vagari
815 952 873 1005 sine
887 951 1031 1006 rectoribus

103 1011 172 1083 vidit,
191 1016 328 1083 proximis
353 1018 505 1071 amicorum
529 1018 664 1073 distribuit
688 1021 854 1091 elephantos.
900 1021 962 1074 Post
985 1038 1030 1074 eos

102 1092 219 1204 posuerat
237 1085 366 1155 peditem
386 1103 419 1139 ac
438 1088 591 1155 sagittarios
608 1099 635 1143 et
654 1098 783 1160 tympana
806 1090 913 1159 pulsare
931 1089 1028 1142 solitos.

113 1151 128 1204 d
141 1163 281 1222 procantu
296 1155 428 1208 tubarum
451 1157 525 1210 Indis
538 1167 602 1226 erat,
616 1175 667 1212 neo
688 1159 801 1228 strepitu
822 1176 916 1213 eorum
937 1175 1028 1211 rnore-

100 1219 211 1291 bantur,⁴
229 1224 299 1278 olim
314 1226 351 1277 ad
365 1236 459 1278 notum
476 1243 573 1280 sonum
592 1228 702 1281 auribus
721 1229 860 1298 mitigatis.
896 1229 1029 1280 Herculis⁵

100 1289 270 1346 simulacrum
292 1295 399 1363 agmini
419 1295 542 1364 peditum
563 1297 774 1366 praeferebatur.
823 1298 853 1351 ld
877 1296 1027 1350 maximum

99 1371 149 1413 erat
163 1362 336 1417 bellantibus
355 1364 573 1434 incitamentum,
586 1375 614 1419 et
633 1367 784 1420 deseruisse
802 1374 940 1435 gestantes
959 1365 1026 1418 mili·

98 1437 148 1482 tare
167 1432 306 1500 flagitium
328 1433 490 1487 habebatur.
527 1435 630 1504 Capitis
649 1437 732 1490 etiarn
753 1445 896 1490 sanxerant
945 1452 1025 1488 enam

98 1497 142 1569 his,
156 1502 201 1570 qni
224 1519 261 1554 ex
282 1503 347 1555 acie
367 1519 421 1556 non
442 1503 615 1574 rettulissent,
629 1515 712 1575 metu,
726 1521 808 1575 quern
830 1523 864 1559 ex
885 1504 931 1558 ilo
950 1504 1025 1558 hoste

97 1571 227 1636 quondam
240 1581 437 1642 conceperant,
451 1573 533 1627 etiarn
555 1574 582 1626 in
601 1573 757 1643 religionem
770 1576 1024 1642 venerationemque

95 1653 225 1693 converso.
265 1641 441 1695 Macedonas
460 1659 512 1696 non
526 1643 665 1696 beluarum
679 1643 768 1713 modo,
781 1643 830 1697 sed
846 1645 930 1697 etiarn
942 1644 1024 1713 ipsius

95 1710 160 1776 regis
176 1721 314 1781 aspectus
332 1727 479 1790 parumper
502 1711 627 1765 inhibuit.
666 1712 768 1766 Beluae
787 1713 935 1782 dispositae
956 1712 1023 1765 inter

93 1789 203 1832 armatos
224 1779 355 1850 speciem
373 1787 490 1834 turnum
504 1780 598 1851 procul
622 1780 753 1834 lacerant.
789 1782 850 1850 lpse
869 1781 952 1834 Porus
974 1781 1022 1836 hu·

92 1861 182 1900 manae
194 1849 399 1919 magnitudinis
412 1850 608 1921 pmpamodum
617 1859 771 1903 excesserat
783 1849 908 1906 formam.
944 1850 1021 1920 Mag·
1034 1885 1035 1888 =

91 1915 200 1971 nitudini
223 1919 290 1973 Pori
309 1918 429 1989 adjicere
449 1920 593 1974 videbatur
611 1919 700 1990 belna,
714 1935 768 1999 qua
788 1918 943 1987 vehebatur,
965 1926 1019 1974 tan·

34 2013 36 2018 ·
91 1991 142 2040 tum
167 1989 239 2041 inter
265 1996 376 2042 ceterae
400 1989 532 2058 eminans,
557 1987 668 2058 quanto⁸
691 1988 754 2041 aliis
775 1988 834 2058 ipse
858 1987 1018 2057 praestabat.

90 2052 178 2125 Itaque
209 2058 380 2128 Alexander,
406 2057 608 2128 contemplatus
636 2066 664 2110 et
688 2073 780 2126 regem
805 2066 832 2110 et
855 2073 953 2125 agmen
978 2057 1018 2112 ln-

89 2122 186 2195 dorum,
209 2129 351 2196 Tandem,
374 2127 469 2198 inquit,
490 2146 539 2200 par
562 2129 652 2181 animo
675 2143 738 2180 meo
757 2126 909 2198 periculum
930 2125 1016 2180 rideo.

89 2193 152 2248 Cum
165 2197 266 2250 bestiis
285 2197 370 2251 simul
384 2206 488 2251 etcum
538 2197 620 2264 regiis
632 2197 698 2251 viris
711 2213 754 2250 res
766 2205 816 2250 est.
853 2195 1016 2318 Intuensglue

88 2263 198 2335 Coenon,
220 2268 295 2320 Cum
320 2284 378 2336 ego,
401 2268 497 2338 inquit,
547 2267 680 2320 tolemaeo
705 2265 888 2334 Perdiccaque
912 2273 940 2318 et
989 2283 1015 2318 a·

90 2331 260 2402 pbaestione'
281 2336 429 2390 comitatus
453 2336 482 2390 in
504 2336 616 2390 laevum
639 2336 759 2394 hostium
780 2353 862 2390 cornu
881 2335 1014 2404 impetum

112 2465 177 2515 ¹We
189 2482 236 2527 say
250 2465 317 2514 ‘this
326 2467 342 2514 ε’
359 2467 527 2528 ‘considering
538 2467 587 2516 this
598 2467 714 2529 (namely,
728 2467 793 2516 what
810 2465 822 2514 I
838 2482 878 2514 am
897 2467 970 2514 about
988 2475 1012 2514 to

86 2525 240 2581 mentientes
252 2524 296 2574 the
308 2524 356 2573 last
368 2541 453 2574 means
464 2525 492 2574 of
499 2527 615 2586 assisting
624 2527 687 2574 their
697 2525 840 2575 comrades.'
873 2524 921 2572 But
934 2525 957 2571 in
969 2525 1010 2573 tlrc

85 2585 203 2634 corretion
216 2585 246 2634 os
252 2594 308 2656 past
320 2587 475 2642 eventa-lic,
488 2585 549 2634 with
560 2586 592 2634 its
603 2585 769 2641 correlatives,
782 2584 888 2644 changes
899 2584 950 2630 into
961 2586 1008 2632 illc.

86 2639 275 2763 sseBzyusrrgggep,
284 2648 395 2764 dddnges
406 2701 469 2752 srom
480 2719 526 2752 one
538 2701 656 2752 direction
667 2708 693 2750 to
702 2701 813 2750 another.

109 2775 262 2825 '‘Chariots
270 2775 287 2824 ι’
301 2775 325 2823 in
335 2775 378 2823 the
390 2771 506 2845 singular,
522 2779 551 2823 ‘a
562 2774 721 2844 horse-rece,’
733 2787 760 2821 or
772 2777 801 2820 ‘a
811 2772 989 2841 raca-course),

109 2835 223 2896 ‘Supply
239 2837 365 2898 elephanti,
384 2835 466 2883 whrch
482 2849 548 2884 were
568 2845 610 2883 not
627 2833 723 2882 excited
738 2847 766 2880 or
781 2829 889 2879 alarmed
905 2831 938 2890 by
953 2829 1002 2879 thrs

84 2891 181 2956 bearing
192 2895 221 2943 ol
233 2897 327 2944 drums.
917 2948 922 2958 Ι
983 2948 989 2959 .

110 2953 169 3002 'No
179 2954 256 3003 doubt
269 2951 312 3001 the
324 2953 401 3014 figure
413 2953 442 3002 of
453 2970 484 3002 an
495 2953 581 3002 Indisn
624 2951 648 3008 d,
661 2949 744 3000 whom
755 2948 796 2998 the
809 2947 904 2997 Greeks
915 2946 999 2998 identr·

82 3009 127 3059 fied
139 3014 199 3062 with
212 3013 277 3062 their
288 3013 414 3062 Heraclea.
447 3013 470 3062 It
483 3029 534 3062 wss
550 3027 593 3072 pro
611 3011 668 3071 ably
680 3007 793 3064 Crishna,
806 3023 836 3056 an
852 3007 999 3077 incarnation

81 3069 107 3117 ol
115 3071 212 3122 Vishnu
222 3073 252 3122 of
259 3073 343 3122 whom
354 3073 396 3122 the
407 3073 494 3122 Indian
504 3070 648 3133 mythology
658 3069 747 3118 relates
758 3067 862 3151 exploits
872 3067 963 3117 similar
973 3076 998 3115 to

81 3129 149 3178 those
161 3131 190 3180 of
202 3131 329 3180 Heraclea.

107 3190 181 3251 “By
194 3191 250 3240 how
262 3191 356 3248 mucb,'
369 3207 398 3241 or
410 3193 458 3252 ‘by
469 3207 496 3239 ss
507 3189 580 3240 much
591 3189 641 3238 asr’
658 3196 775 3250 quaten
784 3186 861 3249 might
872 3185 924 3236 also
933 3184 995 3234 have

80 3247 140 3296 been
151 3249 220 3298 used.
254 3250 302 3298 See
315 3245 414 3312 Zumpt,
425 3251 504 3306 lado,
518 3260 573 3298 nots
584 3254 606 3297 2.

106 3329 114 3350 ¹
127 3325 269 3381 Comitatus,
283 3315 356 3376 wh'en
367 3327 428 3376 used
438 3325 561 3387 passively
572 3330 590 3384 (¹
597 3321 819 3386 ascompented’tis
834 3319 946 3371 [οΠῦῖθᾶ
960 3321 993 3382 bl

80 3380 118 3430 the
130 3385 324 3498 merrle⁷ablative,
337 3397 380 3437 not
391 3389 424 3447 by
433 3388 469 3436 ab.
520 3449 562 3500 12
