2278 3846
137 189 194 246 150
401 202 440 242 os
463 201 568 242 essars
590 201 773 242 susannam.

134 311 161 366 in
213 310 315 364 rricidio
332 309 440 364 dedisse
458 318 607 364 constanter
621 309 722 378 abnuit,
736 325 785 362 nec
796 309 852 362 ulla
864 308 1002 379 religione,
1014 315 1041 363 ut

133 327 222 434 accitis
241 387 320 448 tegat,
342 395 419 448 posse
439 380 585 447 constringi.
622 380 740 448 Dimnus,
760 389 787 432 et
807 395 900 432 amore
921 387 949 430 et
970 389 1040 434 metu

132 464 233 518 amens,
257 451 395 502 dexteram
421 449 517 502 exoleti
545 449 717 518 complexus,¹
741 459 768 502 et
792 449 944 517 lacrimans,
970 465 1041 502 crare

133 520 256 588 primum,
270 528 298 572 ut
311 519 442 588 particeps
453 517 553 570 consilii
566 519 705 587 operisque
718 519 807 571 fieret:
826 519 849 572 si
868 517 894 570 id
914 519 1041 570 sustinere

132 603 183 640 non
201 596 296 656 posset,
313 597 431 640 attamen
449 605 483 640 ne
501 587 620 655 proderet
635 605 671 656 sc,
687 587 763 657 cujus
780 605 843 655 erga
862 590 950 655 ipsum
973 587 1041 640 beai·

132 657 263 710 velentiae
276 666 377 726 praeter
385 657 438 710 alia
449 657 499 710 hoc
511 673 615 725 quoque
628 657 737 710 haberet
750 657 927 710 fortissimum
939 657 1040 724 pignus,

131 726 202 795 quod
222 735 303 796 caput
322 743 401 780 suum
424 726 588 795 permisisset
608 727 671 780 fidei
690 726 778 780 adhuc
797 726 964 794 inexpertae.
1002 725 1041 778 Ad

132 795 255 849 ultimum
273 797 390 849 aversari
407 795 495 848 scelus
512 803 727 864 perseverantem
743 797 834 849 mortis
852 802 928 848 metu
947 805 1040 848 terret:

131 865 167 918 ab
183 865 237 917 illo¹
252 865 337 934 capite
355 864 503 934 conjuratos
520 865 727 933 pulcherrimum
744 865 846 918 lacinus
864 865 1041 918 inchoaturos.

133 934 208 988 Alias
225 935 322 988 deinde
339 935 522 988 effeminatum
540 943 567 986 et
586 935 748 988 muliebriter
759 935 891 1001 timidum,
904 934 975 986 alias
987 952 1042 1003 pro-

132 1004 245 1057 ditorem
261 1005 386 1057 amatoris
401 1003 544 1072 appellans,
561 1019 631 1056 nunc
649 1004 766 1072 ingentia
782 1003 948 1073 promittens,
962 1005 1042 1058 inter-

132 1072 250 1142 dumque
270 1090 378 1142 regnum
398 1089 510 1142 quoqne,
531 1072 651 1126 versabat
673 1073 804 1126 ahlmund
826 1081 898 1126 tento
922 1073 1041 1134 facinore

133 1143 222 1212 procul
240 1143 434 1196 abhorrentem.
470 1142 592 1198 Strictum
610 1140 707 1194 deinde
725 1142 844 1210 gladium
861 1143 942 1196 modo
960 1142 1040 1213 illius,

133 1213 211 1266 modo
220 1229 268 1265 suo
276 1212 421 1264 admovens
431 1211 529 1280 jugulo,
539 1212 651 1282 supplex
662 1211 735 1264 idern
746 1219 774 1264 et
785 1211 897 1265 infestus
909 1215 1042 1280 expressit

134 1282 248 1349 tandem,
263 1290 353 1334 utnon
365 1280 451 1333 solum
463 1280 603 1349 silentium,
617 1281 665 1333 sed
683 1280 766 1334 etiam
782 1297 890 1350 operam
903 1281 1041 1350 pollicere-

134 1359 182 1404 tur.
213 1353 336 1418 Namque
348 1349 453 1402 abunde
465 1350 608 1404 constantis
618 1351 710 1420 animi,
723 1359 749 1402 et
761 1349 857 1418 diguus
869 1351 914 1419 qui
926 1351 1042 1419 pudicus

132 1427 211 1487 esset,
230 1419 294 1472 nihil
314 1436 348 1471 ex
367 1418 475 1487 pristina
487 1418 620 1472 voluntate
641 1427 796 1488 mutaverat,
815 1419 862 1471 sed
881 1437 910 1472 se
929 1432 1041 1488 captum

134 1489 220 1542 Dimni
232 1503 321 1540 amore
334 1486 474 1540 simulabat
487 1487 551 1540 nihil
565 1505 694 1542 recusare.
726 1488 858 1542 Sciscitari
869 1489 931 1542 inde
944 1492 1039 1560 pergit²

131 1573 193 1610 cum
206 1556 313 1626 quibus⁴
325 1565 413 1609 tantae
426 1556 462 1608 rei
475 1557 628 1611 societatem
642 1557 750 1612 inisset:
769 1557 915 1627 plurimum
931 1559 1039 1629 referre,

151 1626 225 1678 cales
244 1625 293 1678 viri
313 1634 367 1678 tam
389 1626 553 1680 memorabili
573 1627 646 1697 operi
665 1627 796 1680 admoturi
818 1643 915 1682 manus
938 1639 1038 1682 essent.
1123 1628 1124 1631 ’

131 1642 187 1762 file,
201 1704 228 1748 et
240 1711 328 1748 arncre
340 1703 367 1748 et
379 1694 480 1748 scelere
493 1695 662 1764 malesanus,
676 1697 754 1750 simul
770 1697 870 1764 gratias
881 1697 944 1766 agit,
958 1697 1040 1752 amul

130 1765 281 1834 gratulatur,
294 1763 363 1834 quod
375 1764 525 1818 fortissimis
540 1765 668 1834 juvenum
681 1783 732 1819 non
743 1765 890 1819 dubitasset
902 1783 932 1818 se
944 1765 1039 1836 adjun-

130 1851 193 1902 gere
205 1835 346 1904 Demetrio,
359 1835 473 1904 corporis
490 1834 599 1904 custodi,
616 1835 754 1904 Peucolao,
767 1835 900 1889 Nicanori.
936 1836 1039 1906 Adjicit

131 1901 172 1956 his
185 1903 376 1974 Aphoebetum,
389 1906 508 1972 Joceum,
522 1905 677 1974 Dioxerrnm,
691 1905 870 1974 Archepclim,
879 1907 1038 1972 Amyntam.

165 1977 207 2026 26.
223 1974 266 2028 Ab
275 1974 324 2028 hoc
333 1991 453 2028 sermone
461 1974 586 2027 dimissus
594 1973 774 2028 Nicomachus
782 1974 816 2027 ad
825 1973 944 2042 fratrem,
954 1975 1037 2028 Ceba-

130 2041 183 2103 lino
200 2052 256 2096 srat
274 2061 378 2111 nomen,
390 2060 458 2112 quae
476 2051 615 2111 acceperat
632 2042 726 2096 desert.
762 2044 860 2112 Placet,
875 2044 964 2112 ipsum
975 2045 1037 2099 sub·

129 2112 222 2165 sistere
241 2117 265 2165 in
284 2113 459 2182 tabernaculo,
479 2129 520 2179 ne,
540 2113 561 2164 si
580 2114 679 2179 regiam
697 2113 826 2193 intrasset,
844 2131 897 2166 non
912 2124 1037 2168 assuetus

129 2180 202 2233 adire
223 2198 321 2251 regem,
341 2181 469 2250 conjurati
493 2181 606 2249 proditos
625 2199 654 2233 se
674 2199 734 2234 esse
757 2192 940 2236 resciscerent.
976 2184 1036 2252 lpse

129 2249 271 2302 Cebalinus
283 2259 345 2302 ante
357 2249 516 2302 vestibulum
534 2250 630 2330 regiae,
644 2268 731 2320 neque
743 2253 815 2305 enim
827 2253 936 2322 propius
947 2253 1036 2307 editus

130 2317 155 2370 ei
167 2319 281 2387 patebat,
297 2319 413 2371 consistit
440 2319 579 2387 opperiens
596 2320 714 2389 aliquem
732 2321 879 2374 amiccmm
895 2339 932 2375 ex
950 2325 1035 2391 prima

129 2386 253 2454 cohorte,⁵
264 2387 325 2456 quo⁰
337 2357 542 2440 introduceretur
553 2389 588 2440 ad
602 2407 699 2457 regem.
719 2390 795 2444 Forte
805 2391 1032 2462 ceterisdimissis,

130 2471 196 2508 unus
209 2455 330 2524 Philotas,
345 2456 525 2510 Parmenionis
542 2457 618 2526 filius,
633 2459 763 2512 incertum
775 2477 854 2529 quarn
867 2459 902 2512 nb
915 2477 1032 2532 eausam,

129 2525 280 2578 substiterat
302 2525 328 2578 in
353 2525 432 2594 regia.
468 2525 535 2578 Huic
555 2527 703 2597 Cebalinus,
724 2546 768 2580 ore
788 2528 897 2586 confuso
918 2547 1033 2598 magnae

128 2594 329 2664 perturbationis
340 2603 414 2650 notas
425 2611 488 2675 prae
501 2611 530 2648 se
543 2594 637 2666 ferens,
647 2599 731 2667 aperit
743 2613 811 2667 qnae
823 2615 857 2651 ex
868 2597 951 2652 fratre
963 2617 1032 2652 com-

127 2673 238 2786 pqrerat,
251 2673 278 2717 et
290 2665 347 2718 sine
359 2664 482 2718 dilatione
494 2665 606 2717 nuntiari
618 2669 672 2736 regi
683 2666 766 2736 jubet.
797 2667 920 2736 Philotas,
935 2669 1032 2722 collau-

163 2742 188 2786 to
200 2751 239 2805 eo,
252 2734 368 2804 protinus
380 2734 457 2786 intrat
470 2733 503 2786 ad
515 2735 703 2804 Alexandmm‚
718 2735 853 2804 multoque
868 2737 985 2790 invicem
998 2739 1032 2790 de

156 2909 162 2930 ¹
176 2903 286 2970 ‘Having
294 2903 374 2972 seized
383 2903 429 2971 and
438 2903 551 2962 clasped’
575 2902 698 2964 Complertr'
705 2904 725 2952 is
732 2903 799 2974 often
807 2905 867 2954 used
875 2906 904 2954 os
909 2907 950 2954 the
961 2907 1030 2956 hand.

127 2961 286 3078 sgelg'lquqpqq
296 2965 375 3072 §tripoqn
391 2963 466 3010 direct
479 2962 568 3022 speech
584 2964 696 3010 becomes
707 2965 748 3012 ille
757 2979 783 3012 rn
793 2963 834 3012 the
845 2968 920 3014 oratio
930 2969 1029 3028 obliqua.

154 3079 227 3149 ⁸.‘H⁰
243 3078 408 3128 endeavoured
424 3091 448 3128 to
459 3080 527 3130 work
543 3095 606 3138 upon
622 3079 690 3135 himss
708 3096 736 3129 or
747 3089 832 3130 ‘move
848 3083 916 3131 him.¹
951 3085 990 3132 As
1005 3095 1029 3132 to

125 3137 634 3246 ⁰²?m“?siliitfiihiii⁸{lhiiifi”m⁹‘’
648 3139 722 3191 ³⁶⁷⁸·

154 3195 210 3313 'Sy
219 3255 300 3360 primo
314 3257 391 3322 colors
407 3257 427 3304 is
443 3266 523 3305 meant
539 3257 579 3304 the
596 3257 647 3306 first
659 3259 744 3328 cohort
756 3259 785 3307 ol
796 3260 935 3324 theiratpoc
949 3261 1027 3310 astho

123 3311 479 3429 thttnltt‘lttlthl
506 3316 665 3424 lttllt
696 3318 1026 3369 Th”fi“‘⁰⁰¹¹⁰¹‘¹¹⁸‘¹‘¹¹⁰

151 3385 436 3488 ‘'Moncqrsdiluuqrro.
530 3389 547 3433 g
580 3389 595 3432 p
668 3409 674 3424 ⁸
