2294 3842
484 235 576 276 ursan
597 235 661 276 rur.
967 217 1024 278 aot

114 334 185 398 XXX
208 343 323 396 delectis
345 343 516 414 praemiserat
540 361 593 413 rex,
616 355 642 399 et
664 345 720 416 jam
740 361 858 416 pugnare
873 347 1032 402 ¹comminus

116 421 273 484 coeperant,
292 413 339 466 sed
353 431 413 467 curn
434 431 546 484 superne
564 414 618 468 tela
635 415 735 468 barbari
754 414 909 484 ingererent,
924 417 1031 487 saepius

115 483 165 552 ipsi
194 483 366 552 feriebantur,
391 500 471 552 quam
501 483 684 537 vulnerabant.
721 485 789 554 Ergo
817 485 978 556 Alexander,
1003 495 1031 540 et

115 553 231 608 nominis
249 554 290 606 sui
311 561 338 604 et
357 553 478 623 promissi
501 571 611 624 memor,
633 553 698 608 dum
718 555 805 607 acrius
824 572 905 624 quam
926 557 1030 610 cautius

114 621 232 692 dimicat,
263 622 399 676 confossus
428 623 544 692 undique
574 623 709 678 obruitur.¹
755 624 843 682 Quem
871 633 900 677 ut
929 625 1030 680 Charus

114 691 250 760 jacentem
268 693 412 762 conspexit,
426 709 501 745 ruere
520 693 547 745 in
565 693 678 764 hostem,
691 694 812 746 omnium
829 703 934 764 praeter
952 695 1028 748 ultio·

114 777 178 816 nem
207 761 355 828 immemor,
380 762 474 832 coepit,
499 763 648 832 multosque
676 762 760 831 hasta,
784 763 912 832 quosdam
939 764 1029 832 gladio

115 831 249 886 interemit
257 848 265 900 3
283 831 331 884 scd
344 849 406 886 cum
418 840 454 884 tot
467 850 548 886 unutn
562 835 724 886 incesserent
740 849 843 902 manus,
857 849 936 904 super
947 835 1027 888 amici

114 917 211 971 eorpus
234 901 371 970 procubuit
394 902 532 956 exanimis.
574 902 653 955 Haud
677 920 763 972 secus,
788 919 867 972 quarn
891 919 938 972 per
961 912 1026 974 erat,

113 970 371 1042 promptissimorum
397 970 525 1040 juvenum
551 981 751 1042 ceterorumque
778 972 894 1026 militum
918 972 1026 1028 interitu

113 1049 265 1092 commotus
277 1057 323 1094 rex
335 1041 440 1108 signum
453 1041 570 1112 receptui
582 1041 664 1094 dedit.
683 1041 766 1095 Saluti
779 1042 838 1111 fuit,
846 1041 917 1110 quod
926 1043 1026 1098 sensim

113 1117 142 1162 et
155 1109 279 1178 intrepidi
292 1126 320 1162 se
335 1119 489 1180 receperunt
497 1128 504 1180 3
523 1120 550 1164 et
561 1110 674 1182 barbari,
688 1111 792 1166 hostem
810 1111 947 1181 depulisse
964 1129 1025 1168 con·

113 1177 189 1248 tenti,
203 1196 255 1232 non
269 1179 386 1232 institere
399 1179 565 1234 cedentibus.
863 1245 865 1252 Ι
918 1181 920 1186 ’

148 1254 192 1302 tt.
212 1249 336 1302 Ceterum
355 1249 506 1305 Alexander
523 1269 585 1306 cum
606 1251 741 1304 statuisset
761 1249 890 1304 desistere
910 1251 1024 1319 incepto,

113 1317 225 1388 (quippe
244 1318 316 1370 nulla
334 1335 395 1399 spes
412 1319 554 1442 potiundae
567 1329 657 1390 petrae
670 1320 849 1390 offerebatur),
863 1328 953 1374 tamen
966 1337 1025 1390 spe·

113 1389 185 1442 ciem
210 1387 324 1442 ostendit
348 1406 373 1442 ru
397 1406 412 1441 ο
432 1389 532 1442 sidione
557 1390 758 1460 perseverantis.
793 1391 864 1444 Nam
885 1399 911 1442 et
932 1390 1026 1442 itinere

112 1457 230 1512 obsideri
241 1457 324 1527 jussit,
338 1467 364 1512 et
377 1467 461 1512 turres
469 1459 613 1530 admoveri,
624 1469 650 1512 et
664 1459 779 1530 fatigatis
790 1460 857 1514 alios
869 1458 1024 1512 succedere.

112 1526 196 1598 Cujus
216 1527 359 1596 pertinacia
377 1528 488 1598 cognite,
508 1529 565 1583 lndi
584 1547 630 1600 per
647 1529 758 1584 biduum
778 1531 887 1600 quidem
907 1545 940 1582 ac
958 1528 1025 1582 dues

112 1595 214 1668 noctes,
228 1614 291 1650 curn
308 1599 482 1651 ostentatione
499 1617 551 1652 non
569 1598 682 1652 fiduciae
700 1601 788 1669 modo,
808 1599 854 1652 sed
874 1600 957 1652 etiam
969 1599 1024 1651 vic·

112 1667 204 1736 toriae,
226 1666 327 1736 epulati
347 1675 415 1737 sunt,
437 1677 563 1738 tympana
587 1685 635 1722 suo
659 1685 731 1722 more
752 1669 895 1741 pulsantes.
932 1668 1024 1721 Tertia

113 1753 177 1802 vero
196 1745 278 1788 ‘nocte
302 1747 487 1808 tympanorum
512 1738 620 1808 quidem
645 1739 769 1808 strepitus
788 1737 901 1792 desierat
922 1738 1024 1806 audiri;

84 1813 88 1822 '
111 1815 234 1860 ceterum
255 1823 289 1860 ex
309 1816 362 1859 tota
382 1816 457 1877 petra
476 1807 551 1860 seces
569 1807 743 1877 refulgebant,
763 1825 829 1876 ques
846 1807 1023 1860 accenderant

111 1873 226 1944 barbari,
247 1886 275 1928 ut
295 1875 373 1930 tutior
392 1887 463 1930 esset
483 1877 548 1946 ipsis
567 1877 638 1946 suga,
658 1877 770 1930 obscura
788 1887 865 1929 nocte
886 1895 933 1946 per
952 1877 1024 1930 invia

111 1963 177 2000 saxa
201 1946 323 1998 cursuris.
359 1947 433 2016 Rex„
448 1947 563 2016 Balacro,
589 1947 633 2016 qui
656 1945 844 2016 specularetur,
868 1947 1022 2016 praemisso,

111 2017 247 2084 cognoscit
267 2026 368 2086 petram
389 2016 453 2085 luga
472 2017 597 2070 Indorum
609 2033 676 2070 -esse
696 2016 838 2069 desertam.
874 2016 942 2067 Tum
961 2015 1024 2070 dato

111 2101 197 2154 signo,
225 2093 254 2138 ut
280 2086 396 2140 universi
426 2087 629 2154 conclamarent,
657 2087 744 2138 incorn
780 2085 829 2137 site
859 2083 1024 2152 fugientibus
1116 2153 1119 2160 .

111 2164 216 2209 metum
245 2155 363 2208 incussit.
403 2154 545 2226 Multique,
571 2165 696 2225 tanquam
725 2173 741 2206 a
760 2161 831 2207 esset
861 2153 952 2223 hostis,
976 2171 1023 2224 per

111 2223 215 2278 lubrice
238 2241 310 2292 saxa,
334 2241 432 2294 perque
457 2226 543 2278 invias
565 2236 638 2278 cotes
663 2223 829 2346 praecipitati
852 2223 1023 2306 occiderunt,

111 2293 203 2362 plures
221 2293 310 2362 alique
328 2295 507 2348 membrorum
524 2303 598 2364 parte
617 2312 663 2346 mu
675 2295 734 2364 ceti,
747 2295 782 2347 ab
800 2294 907 2362 integris
923 2293 1023 2348 deserti

111 2373 181 2416 sunt.
217 2365 274 2416 Rex
292 2363 408 2418 locorum
425 2365 509 2432 magis
521 2382 602 2433 quem
615 2363 730 2417 hostium
743 2365 833 2434 victor,
846 2373 936 2416 tamen
949 2381 1022 2432 mag·

111 2449 175 2486 narn
187 2433 326 2486 victoriam
338 2434 475 2488 sacrificiis
487 2442 512 2486 et
526 2434 597 2487 cultu
611 2433 690 2488 deum
705 2433 789 2486 fecit.²
824 2437 893 2487 Arae
909 2434 934 2486 in
947 2443 1023 2503 petra

111 2501 214 2556 locatae
235 2511 295 2564 sunt
315 2503 454 2556 Minervae
473 2504 665 2574 Victoriaeque.
702 2503 820 2558 Ducibus
839 2503 948 2574 itineris,
969 2519 1023 2573 quo

111 2571 201 2626 subire
219 2571 332 2641 jusserat
351 2571 445 2626 leviter
462 2574 595 2642 armatos,a
613 2575 662 2626 etsi
674 2567 809 2643 promissis
820 2575 922 2625 minora
934 2588 1022 2642 prees·

111 2641 226 2710 titerant,
240 2643 355 2711 pretium
373 2659 435 2696 curn
453 2643 506 2695 fide
519 2643 650 2696 redditum
663 2651 713 2694 est.
749 2643 843 2695 Petrae
856 2641 1022 2711 regionisque

111 2711 137 2764 ei
150 2711 294 2786 adjunctae
307 2711 436 2764 Sisocosto
448 2713 531 2766 tutela
543 2713 680 2783 permissa.
717 2711 782 2764 Inde
795 2711 921 2780 processit
937 2711 1022 2763 Ecbo-

110 2779 191 2833 lima:
211 2789 239 2832 et
256 2797 319 2833 cum
337 2783 473 2850 angustias
490 2782 590 2836 itineris
602 2780 717 2834 obsideri
730 2781 777 2833 XX
789 2778 897 2832 milibus
908 2788 1021 2832 armato·

111 2865 168 2902 rum
188 2849 224 2902 ab
242 2850 319 2903 Erice
337 2850 452 2919 quodem
467 2853 647 2922 comperisset,
660 2850 767 2918 gravius
778 2861 875 2915 agmen
888 2849 1023 2902 exercitus

140 2960 147 2982 ¹
161 2954 215 3002 ‘He
226 2955 247 3022 is
258 2954 350 3036 stupeis,
361 2955 407 3004 aud
415 2955 499 3005 buried
507 2957 583 3006 under
591 2973 605 3004 a
613 2969 678 3004 mass
686 2953 715 3002 of
721 2951 826 3002 missiles
834 2951 930 3002 thrown
938 2963 962 3002 at
971 2955 1021 3004 him

109 3011 215 3132 ἢἯΒΕξ
225 3013 326 3155 {higiihg
336 3073 457 3124 sacrifices
467 3074 498 3123 he
509 3091 569 3136 gave
581 3073 622 3122 the
633 3073 726 3132 victory
737 3087 767 3122 en
777 3085 924 3132 appearance
935 3070 963 3121 of
974 3073 1020 3124 im·

108 3143 267 3240 1“hria'il‘hssihe
295 3192 364 3242 uides
373 3192 402 3241 of
409 3193 450 3242 the
461 3192 526 3261 read,
538 3202 564 3241 to
573 3190 652 3260 which
664 3189 725 3247 (thet
736 3191 766 3247 is,
779 3201 804 3240 to
815 3189 856 3240 the
884 3189 1022 3259 uideslwho

109 3250 158 3300 hed
168 3249 255 3298 shown
260 3208 307 3320 'the
316 3267 370 3313 way
379 3263 404 3301 to
417 3253 457 3300 the
466 3261 541 3359 point,
552 3262 577 3300 to
586 3251 674 3304 which)
684 3250 715 3298 he
726 3249 773 3300 had
784 3207 885 3319 ordered
895 3249 935 3298 the
947 3249 1020 3310 hght·

109 3310 193 3359 armed
200 3310 306 3378 'soldiers
317 3313 402 3367 (under
412 3311 467 3360 Mul
478 3317 540 3366 inus)
552 3322 577 3360 to
587 3309 693 3360 ascend!
719 3309 955 3379 Thesegu1dcshad
968 3319 1019 3368 not,

109 3369 221 3438 accordin
250 3379 275 3418 to
286 3371 349 3420 their
359 3371 473 3441 promise,
486 3370 526 3419 lcd
541 3370 582 3418 the
599 3369 772 3418 Macedonicus
785 3379 811 3418 to
821 3368 864 3418 the
874 3367 937 3429 peak
948 3384 1019 3418 oceu-

109 3428 166 3489 psed
177 3429 211 3488 by
222 3438 231 3487 t
249 3444 263 3478 e
274 3431 427 3489 barbaricum
440 3431 483 3480 but
493 3429 552 3492 they
560 3430 608 3480 had
618 3429 723 3492 brought
733 3429 801 3480 them
811 3444 840 3478 so
849 3443 915 3485 near,
926 3428 978 3477 that
989 3444 1021 3478 an

109 3487 195 3538 attaclr
206 3502 257 3537 was
267 3489 419 3550 practicable.
852 3547 862 3571 ,
