2294 3842
134 225 194 282 ata
405 237 444 280 na
468 237 577 280 cassis
599 237 784 278 sasxsnnar.

135 347 216 402 voluti
231 349 339 402 unicam
356 363 433 418 spem
449 347 518 417 regis
536 345 707 400 fefellerunt.¹
741 345 833 400 Stabat
851 345 925 400 enim
942 345 970 400 in
987 363 1046 404 con·

135 427 228 490 spectu
242 418 304 471 tanti
319 417 459 486 exercitus,
474 417 546 471 velut
559 417 584 470 in
597 417 738 470 solitudine
750 415 901 468 destitutus.
954 461 956 471 .

172 493 212 540 ts.
230 489 345 556 Jamque
364 487 477 557 laevam,
490 504 543 557 qua
560 487 675 557 clipeum
693 485 728 538 ad
746 486 816 538 ictus
833 485 1047 556 circumferebat,

134 557 298 626 lassaverat,¹
309 556 488 610 clamantibus
503 557 605 624 amicis,
619 565 647 608 ut
659 556 694 609 ad
707 557 779 625 ipsos
791 553 918 624 desiliret,
932 555 1048 608 stabant-

133 643 187 696 que
204 626 357 696 excepturi,
379 643 441 679 cum
462 625 507 679 ille
528 633 583 679 rem
603 643 686 680 ansus
705 634 745 678 est
764 623 949 678 incredibilem
968 635 1048 693 atqua

134 696 289 764 inauditam,
314 695 451 766 multoque
474 695 560 764 magis
588 694 622 747 ad
649 695 749 748 famam
774 694 941 762 temeritatis,
967 711 1050 762 quam

100 801 107 822 ι
132 765 239 835 gloriae,
254 767 394 834 insignem.
430 765 555 834 Namque
574 763 600 816 in
617 764 710 818 urbem
723 763 840 818 hostiurn
852 763 962 833 plenam
975 779 1050 832 prae-

132 837 206 910 cipiti
225 837 294 889 saltu
312 851 386 889 seme
405 836 462 906 ipse
474 834 592 901 immisit,
606 851 670 886 curn
681 835 726 887 vix
737 849 844 902 sperare
856 841 955 902 posset,
969 833 1049 886 dimi·

132 913 240 960 cantem
257 915 330 959 certe
348 913 375 958 et
392 922 444 959 non
463 904 586 957 inultum⁸
598 920 657 956 esse
670 903 842 956 moriturum:
881 903 962 970 uippe
974 911 1051 956 ante·

132 991 214 1054 quam
225 984 383 1044 assurgeret,
393 973 506 1045 opprImi
518 982 620 1043 poterat
632 981 659 1026 et
672 973 732 1042 capi
743 974 828 1025 vivus.
900 971 918 1024 d
932 969 1002 1026 forte
1014 972 1051 1024 ita

132 1043 273 1098 hbraverat
285 1046 399 1114 corpus,⁴
411 1054 439 1097 ut
452 1061 480 1096 se
493 1043 606 1114 pedibus
618 1043 763 1112 exciperet.
798 1042 893 1110 ltaque
911 1048 988 1094 stans
1001 1041 1050 1096 init

132 1129 265 1183 pugnam;
284 1123 311 1167 et
324 1131 358 1167 ne
370 1115 503 1167 circumiri
515 1122 611 1183 posset,
625 1111 730 1166 fortuna
761 1110 900 1164 roviderat.
934 1110 1050 1164 Vetusta

130 1183 214 1253 arbor,
230 1183 299 1236 haud
319 1183 410 1254 procul
428 1200 510 1252 muro,
530 1199 616 1236 ramos
633 1180 718 1236 multa
735 1129 827 1234 ffonde
840 1179 959 1248 vestitos,
974 1180 1049 1236 velut

132 1251 167 1306 de
186 1252 316 1308 industria
338 1269 432 1322 regern
454 1262 630 1322 protegentes,
650 1251 801 1321 objecerat,
825 1249 905 1320 hujus
929 1251 1048 1318 spatioso

131 1323 215 1393 stipiti
226 1339 329 1393 corpus,
343 1339 376 1376 ne
391 1322 524 1376 circumiri
542 1331 639 1392 posset,
651 1321 786 1392 applicuit,
800 1320 885 1390 clipeo
898 1320 962 1389 tela,
976 1337 1048 1392 quae

131 1408 166 1446 ex
177 1391 289 1446 adverse
302 1391 495 1460 ingerebantur,
507 1391 652 1461 excipiens.
688 1391 759 1444 Nam
777 1408 838 1444 cum
856 1407 942 1443 unum
954 1390 1047 1459 procul

131 1467 168 1514 tot
181 1479 276 1514 manus
288 1469 416 1531 peterent,
430 1477 509 1513 nemo
528 1471 615 1514 tamen
635 1460 752 1514 audebat
770 1461 876 1532 propius
895 1459 1029 1512 accedere
1038 1477 1046 1528 5

130 1531 241 1584 missilia
255 1530 334 1583 ramis
347 1529 429 1600 plura,
442 1547 525 1600 qnam
543 1531 629 1602 clipeo
647 1530 808 1585 incidebant.
846 1529 987 1598 Pugnabat
1001 1547 1046 1600 pro

129 1616 192 1668 rege
205 1600 319 1670 primum
332 1599 458 1653 celebrati
471 1600 585 1654 nominis
596 1600 676 1670 fama,
686 1600 783 1654 deinde
792 1599 1044 1668 desperatio,⁶mag·

129 1686 195 1722 num
206 1669 239 1721 ad
253 1669 364 1722 honeste
376 1669 543 1724 moriendum
557 1671 768 1725 incitamentum.
787 1669 838 1724 Sed
851 1686 915 1722 oum
928 1669 1044 1724 subinde

129 1736 212 1792 hostis
228 1739 358 1809 afflueret,
376 1739 432 1809 jam
451 1740 588 1808 ingentem
600 1742 655 1793 vim
668 1739 780 1793 telorum
792 1748 935 1808 exceperat
948 1739 1043 1808 clipeo,

127 1806 184 1877 jam
204 1810 310 1878 galeam
329 1825 394 1862 saxa
413 1809 601 1880 perfregerant,
623 1810 684 1878 jam
699 1809 821 1863 continuo
841 1808 932 1862 labore
952 1811 1045 1878 gravia
1065 1808 1066 1813 ’

128 1879 411 1945 gentrasucciderant.⁸
433 1879 641 1950 ltaquecontem
662 1878 1044 1948 timetinoaute,quiproximi

128 1955 264 2019 steterant,
282 1949 462 2004 incurrerunt:
484 1948 616 2019 equibus
653 1965 699 2002 uos
716 1947 805 2018 gladio
825 1948 862 2000 ita
880 1949 997 2070 excepit,
1017 1957 1044 2001 ut

128 2026 191 2070 ante
210 2019 296 2089 ipsum
315 2019 454 2073 exanimes
471 2019 682 2089 procumberent.
719 2019 778 2072 Neo
796 2017 923 2086 cuiquam
963 2018 1044 2071 einde

128 2087 235 2210 propirps
246 2087 397 2142 incessendi
407 2105 471 2142 eum
480 2091 586 2142 animus
598 2088 664 2142 fuit:
678 2087 768 2159 procul
778 2087 867 2158 jacula
879 2087 1043 2157 sagittasque

128 2165 204 2210 mitte
225 2166 279 2210 ant.

162 2227 204 2277 20.
223 2226 272 2279 llle
291 2226 325 2279 ad
346 2243 441 2280 ornnes
463 2228 532 2281 ictus
550 2228 693 2299 expositus,
715 2243 795 2296 aegre
818 2226 875 2296 jam
896 2238 1043 2295 exceptum

126 2294 269 2364 poplitibus
281 2313 377 2366 corpus
389 2297 513 2351 tuebatur
520 2300 539 2367 3⁷
556 2298 642 2351 donec
660 2299 741 2351 lndus
760 2296 872 2350 duorum
890 2296 1043 2349 cubitorum

126 2364 251 2432 sagittam
264 2365 393 2434 (namque
405 2367 486 2436 Indis,
495 2376 523 2420 ut
535 2378 615 2420 antea
627 2369 750 2435 diximuS,
760 2365 840 2437 hujus
848 2365 1044 2434 magnitudinis

126 2433 239 2501 sagittae
257 2435 345 2504 erant)
363 2435 401 2487 ita
419 2437 543 2505 excussit,
563 2447 592 2489 ut
611 2454 658 2507 per
677 2437 812 2490 thoracem
832 2435 942 2504 paulum
962 2451 1044 2506 super

126 2501 196 2556 latus
219 2499 344 2557 dextrum
368 2504 498 2572 infigeret.
536 2506 594 2564 Quo
618 2507 728 2560 vulnere
751 2507 874 2574 afflictus,
897 2523 995 2574 magna
1016 2506 1044 2558 vi

155 2667 243 2716 “And
259 2683 286 2716 as
301 2667 371 2717 these
387 2665 428 2716 did
444 2676 486 2715 not
502 2665 559 2716 bold
578 2678 620 2716 out
637 2668 713 2716 under
724 2667 765 2716 the
775 2667 866 2728 weight
879 2668 932 2722 (but
943 2667 1040 2727 brebe),

126 2727 185 2786 they
194 2727 244 2782 (the
256 2727 366 2809 spldiers)
376 2741 439 2775 were
451 2725 547 2774 thrown
557 2725 638 2784 down,
649 2727 695 2776 and
708 2728 764 2776 thus
775 2726 890 2776 deceived
901 2727 944 2776 the
957 2727 1043 2789 king's

125 2786 183 2875 onfy‘
192 2787 289 2895 flhphad
300 2844 406 2907 fatigued
422 2845 460 2894 bis
476 2843 519 2892 left
535 2844 623 2903 handt’
637 2844 765 2906 apostical
775 2845 845 2894 mode
856 2846 884 2894 of
897 2848 1043 2907 expression

126 2904 161 2952 for
171 2907 238 2954 locun
249 2923 300 2966 ejas
311 2907 376 2954 fasso
387 2914 444 2952 erat.

153 2967 162 2992 ⁸
175 2968 181 2989 ⁶
191 2963 216 3010 N
218 2973 242 3011 ct
254 2964 432 3046 unrevsnged;’
445 2964 536 3020 thetis,
553 2969 608 3012 ‘not
618 2963 721 3012 without
731 2963 849 3025 inflicting
857 2979 926 3014 some
936 2967 1041 3016 woands
1136 3023 1138 3040 ,

124 3037 188 3081 upon
199 3022 237 3070 his
248 3023 375 3072 enemies..

152 3087 161 3110 ⁴
174 3081 227 3162 ‘lle
243 3081 290 3130 had
306 3081 423 3130 balanced
438 3081 476 3130 his
492 3082 557 3144 body
568 3083 593 3131 in
605 3082 666 3132 such
677 3099 691 3132 a
702 3097 809 3140 manner,
823 3082 895 3131 when
906 3083 937 3132 he
949 3099 1040 3147 sptang

123 3141 234 3247 dolw‘nilis
244 3199 340 3267 despair
350 3199 434 3260 fought
450 3199 487 3248 for
502 3201 553 3248 him
562 3202 578 3258 ;'
591 3201 684 3258 thetis,
701 3201 853 3263 ‘despairing
863 3201 891 3250 of
902 3201 993 3262 salety,
1006 3203 1039 3252 he

122 3257 746 3367 llll}-Wlltltttztlltltl.⁰tl..l“⁰⁸¹¹⁶⁸³·’
937 3289 940 3292 ’

151 3333 252 3422 '‘Aflfer
263 3375 361 3435 sinking
371 3391 436 3435 upon
446 3376 484 3425 his
496 3378 581 3435 linces,
598 3355 629 3427 he
645 3379 763 3429 defended
778 3378 881 3428 himself
892 3379 955 3428 with
969 3379 1034 3430 diffi-

120 3432 204 3499 culty!
239 3434 312 3502 Genu·
324 3433 344 3480 is
361 3434 401 3482 the
417 3431 548 3504 lines-pan,
582 3441 644 3500 cples
659 3439 700 3489 the
711 3439 802 3489 hcllcw
812 3439 840 3489 of
853 3439 893 3488 the
905 3439 979 3498 kase,
992 3441 1037 3492 the

119 3504 209 3537 smaws
220 3491 253 3550 by
264 3492 344 3541 which
356 3491 397 3542 the
409 3493 448 3553 leg
458 3509 479 3542 rs
490 3455 585 3544 mered.
