2278 3846
469 227 561 268 arasa
581 228 599 270 n
937 212 991 271 lat

79 335 201 392 aretati
212 335 299 406 ¹thssit.
335 339 481 390 Aeoeesere
489 336 523 390 ad
535 337 604 390 liano
615 339 744 406 patrumm
756 350 900 406 summam,
907 336 994 406 eaptia

79 405 261 474 perrogatur
273 423 321 462 aea
333 406 405 460 milia
417 405 553 460 talentum.
590 407 675 475 Cyrus
692 406 882 475 Peraagatlurn⁸
900 406 994 460 urbem

80 476 246 546 uendiderat,
259 493 340 544 quam
352 475 503 530 Alexandro
515 475 666 544 praefectus
677 475 735 545 ejus
746 476 865 532 Gobares
877 475 993 530 tradidit.

117 551 161 598 21.
179 546 243 607 Rex¹
256 562 345 598 areem
366 545 522 615 Persepolis,
539 544 576 598 Ill
597 544 705 600 milibus
723 545 900 602 Macedonum
920 561 993 616 prae·

82 615 149 669 sidio
170 614 277 684 relictis,
297 614 477 668 Nicarchiden
496 615 564 667 tueri
581 614 671 684 jubet:
696 614 796 668 Tridati
814 631 928 684 qunque,
948 614 995 684 qui

118 701 180 738 zam
200 682 351 752 tradiderat,
372 693 493 738 servatus
512 695 553 738 est
574 683 664 752 honos,
682 700 763 753 quem
787 684 857 753 apud
878 685 994 738 Dareum

80 701 232 808 ffibnerat:
261 769 411 821 magnaque
435 753 567 811 exereitus
590 762 664 823 parte
687 763 715 805 et
738 753 936 823 impedimentis
958 753 995 808 ibi

83 841 113 876 re
124 823 191 890 iotis,
204 823 377 876 Parmeniona
389 823 578 892 Craterumque
591 822 727 893 praeleoit.
763 823 823 892 lpse
841 839 902 876 euru
922 821 995 878 mille

120 891 221 946 ultibus
232 892 405 962 peditumque
418 891 542 961 expedita
555 909 635 948 manu
653 891 805 946 interiorem
825 891 939 946 Persidis
957 908 996 947 ra·

104 963 193 1015 'nent
213 961 264 1014 sub
284 961 371 1030 ipsum
392 959 566 1029 Vergiliarum
582 961 666 1016 sidus⁸
685 962 769 1033 petiit,
785 961 928 1030 multisque
949 961 996 1016 itu·

83 979 179 1086 ffibus
198 1039 226 1083 et
246 1046 326 1100 pmpe
351 1029 508 1084 intolerabili
531 1041 690 1100 tempestate
713 1039 832 1097 vexatus,
854 1030 996 1100 proaedere

84 1111 187 1168 tamen,
206 1117 258 1169 quo
278 1099 434 1168 intenderat,
454 1101 642 1170 perseveravit.
678 1100 795 1156 Ventum
816 1110 873 1154 erat
892 1100 927 1154 ati
947 1099 997 1154 iter

122 1169 225 1239 rpetuls
235 1169 362 1222 obstitum
376 1168 488 1237 nivibus,
499 1186 566 1238 quaa
577 1168 680 1239 frigoris
688 1170 729 1224 nis
740 1170 801 1239 gelu
812 1169 995 1226 adstrinxerat.

84 1186 219 1293 Earum
232 1238 376 1308 squaleret
388 1237 544 1292 solitudines
563 1240 649 1293 inviae
667 1238 808 1309 fatigatum
821 1239 935 1293 militem
947 1248 996 1293 ter·

85 1306 389 1378 rebant,.huruanarum
410 1325 497 1361 rerum
522 1309 646 1362 terminos
668 1326 698 1362 se
718 1309 810 1362 videre
832 1307 996 1366 credentem,

85 1379 185 1434 Omnia
197 1387 274 1430 vasta
289 1385 369 1447 atque
380 1377 444 1435 ¹siue
463 1377 516 1432 ullo
533 1376 644 1432 humani
662 1378 751 1432 cultus
766 1379 877 1447 vestigio
894 1378 997 1432 attoniti

86 1446 268 1516 intuebantur,
282 1455 316 1515 et,
329 1456 473 1516 antequam
485 1446 532 1500 lux
542 1465 648 1517 quoque
660 1456 687 1501 et
699 1448 804 1502 eoelum
817 1447 887 1518 ipsos
898 1448 997 1502 deliee·
1019 1500 1021 1508 ,
1077 1492 1079 1495 .

86 1531 153 1587 rant,
180 1516 278 1569 reverti
298 1515 435 1586 jubebant.
471 1517 528 1570 Rex
551 1519 680 1586 castigare
706 1518 810 1571 territos
833 1517 996 1588 supersedit:

86 1595 211 1640 ueterum
223 1587 282 1655 ipse
294 1602 363 1654 equo
374 1585 487 1654 desiluit,
499 1586 636 1656 pedesque
648 1603 694 1656 per
709 1587 786 1642 nives
802 1597 829 1641 et
846 1595 997 1644 eonoretaru

103 1655 206 1710 taciem
215 1654 319 1723 ingredi
327 1655 422 1724 eoepit.
455 1655 622 1710 Erubuerunt
632 1673 682 1710 uon
691 1658 775 1726 sequi,
785 1656 900 1726 primum
909 1656 997 1726 amiel,

86 1673 188 1779 deinde
206 1724 342 1794 eopiamm
360 1725 450 1794 duces,
463 1724 497 1778 ad
510 1724 633 1780 ultimum
651 1726 765 1794 militem·
786 1727 940 1796 primusque
952 1741 999 1780 rex

2 1797 5 1866 J
86 1793 199 1850 dolabra
216 1793 332 1863 glaciem
349 1793 520 1863 perfringens,
534 1795 583 1848 iter
601 1794 652 1848 sibi
664 1795 744 1848 lecit:
763 1795 919 1866 exemplum
929 1795 1000 1864 regit

86 1864 173 1919 aeteri
203 1862 302 1916 imitati
328 1872 398 1918 sunt.
433 1863 554 1920 Tandem
583 1863 775 1934 propemodum
804 1865 891 1918 invias
918 1863 999 1918 silvae

86 1932 203 2002 emensi,
216 1931 327 1988 humani
344 1933 432 1986 eultus
449 1949 507 1986 rara
518 1933 630 2001 vestigia
642 1941 669 1986 et
680 1934 780 2002 passim
792 1942 910 1986 errantes
922 1949 999 2056 meo-
1052 1955 1056 1960 ·

87 2019 146 2058 rum
158 2019 257 2072 greges
268 2018 422 2072 repperere:
442 2012 468 2055 et
487 2003 597 2064 incolae,
615 2002 662 2072 qut
680 2003 779 2072 sparsis
796 2003 908 2070 tuguriis
961 2001 998 2056 bi·

87 2073 191 2142 tabant,
204 2087 267 2126 cum
279 2088 309 2124 se
320 2070 435 2128 callibus
444 2071 522 2125 inviis
532 2080 622 2140 septos
633 2088 693 2128 esse
705 2071 888 2140 credidissent,-
898 2080 926 2126 nt
938 2087 998 2128 oon·

88 2157 203 2212 spernere
224 2140 340 2196 hostium
357 2157 462 2210 agmen,
485 2140 631 2194 interiectis
650 2141 697 2210 qui
720 2140 842 2196 comitari
864 2141 999 2212 fugientes

89 2227 141 2266 non
161 2219 291 2281 poterant,
313 2210 404 2264 devios
424 2218 528 2284 montes
547 2219 575 2264 et
594 2209 702 2264 nivibus
720 2212 820 2266 obsitos
839 2213 998 2284 petiverunt.

90 2280 156 2336 lude
180 2297 229 2350 per
251 2279 381 2350 eolloquia
404 2280 568 2348 captivorum
591 2280 717 2349 paulatim
741 2281 847 2336 feritate
869 2281 997 2351 mitigata,

89 2348 224 2404 tradidere
235 2365 264 2403 se
277 2351 340 2418 tegi.
376 2349 434 2404 Nee
452 2349 479 2402 in
496 2349 600 2404 deditos
616 2352 724 2418 gravius
737 2351 896 2406 consultum.
931 2351 996 2405 Vea-

89 2419 153 2474 tatis
172 2418 236 2472 iuda
255 2419 326 2487 agris
346 2417 469 2488 Persidis,
490 2418 541 2472 vici
574 2435 608 2472 ue
628 2421 809 2490 compluribus
832 2421 949 2476 redactis
971 2419 998 2474 in

89 2497 259 2560 potestatem,
272 2498 382 2543 ventum
399 2498 440 2542 est
457 2487 562 2554 iuMar
580 2492 790 2560 otum⁴gentem
802 2489 959 2550 bellieoaam
970 2496 999 2543 at

88 2557 206 2612 multum
218 2573 235 2610 a
246 2557 342 2612 ceteris
353 2558 442 2610 Persis
452 2555 525 2612 aultu
539 2558 608 2611 ritae
625 2559 819 2613 abhorrentem,
856 2560 957 2629 Specus
971 2558 998 2612 iu

88 2627 227 2682 montibus
238 2626 347 2696 fodiunt,
360 2628 387 2680 in
399 2643 465 2696 quos
476 2629 569 2698 aequal
584 2644 616 2680 ae
634 2629 762 2699 conjuges
778 2637 805 2682 et
823 2627 921 2682 liberos
937 2643 997 2680 oon·

88 2697 173 2750 dunt:
197 2712 324 2766 pecorum
343 2706 390 2749 aut
410 2693 524 2749 serarum
544 2713 623 2750 earne
641 2707 792 2755 vescuntur.
826 2698 869 2750 Ne
889 2695 998 2752 taminia

87 2765 200 2836 quidem
223 2781 269 2835 pro
294 2775 403 2818 naturae
427 2763 519 2819 habitu
542 2766 661 2820 molliora
680 2767 787 2835 ingenia
804 2774 880 2818 sunt:
904 2779 998 2820 uernae

86 2835 239 2906 prominent
263 2833 355 2903 hirtae,
376 2835 458 2888 restis
481 2851 561 2906 super
583 2853 671 2904 genua
693 2845 749 2889 est:
773 2833 856 2886 lunda
878 2833 997 2892 vitruintrt

117 2948 124 2970 ¹
137 2941 194 2990 'Phe
205 2937 271 2988 olrief
282 2949 350 2988 town
360 2941 386 2988 in
396 2941 487 2998 Persis,
500 2951 557 2989 next
569 2951 594 2988 to
606 2941 750 3000 Persepolis.

115 2999 237 3048 “Instead
246 2999 275 3047 of
285 2997 483 3061 Perragodnrarrr.
515 3000 562 3048 See
576 3000 656 3048 Gratia
668 2999 682 3051 l
692 3001 730 3054 et,
743 3005 799 3045 trote
809 3001 832 3044 5.

116 3065 126 3088 ¹
139 3060 238 3108 ‘About
245 3059 287 3107 the
294 3058 351 3106 time
360 3058 388 3108 of
395 3059 437 3107 tlra
446 3058 574 3108 Pleiadea.'
593 3059 641 3106 We
649 3073 689 3106 ure
696 3066 738 3106 not
746 3054 798 3104 told
804 3057 938 3108 whethetit
946 3073 1000 3108 was

86 3121 163 3168 abent
179 3117 221 3166 the
236 3118 295 3166 time
311 3117 339 3166 el
350 3117 413 3166 their
422 3118 498 3178 rising
512 3133 539 3166 or
549 3117 647 3177 setting.
679 3115 702 3164 It
718 3131 799 3164 seems
815 3125 840 3166 to
856 3117 918 3167 hana
934 3119 1001 3178 baan'

86 3178 186 3232 winter,
199 3176 246 3225 and
256 3176 374 3226 therefore
385 3177 490 3226 towards
501 3176 542 3224 tlte
554 3175 612 3224 time
623 3175 651 3224 ol
662 3175 726 3224 their
735 3175 827 3238 setting
837 3176 862 3226 iu
872 3177 914 3228 the
927 3183 1003 3228 trost.¹

115 3237 162 3284 ’Δ
182 3235 244 3284 trite
263 3234 357 3283 borde'
409 3251 440 3284 on
458 3235 499 3282 the
520 3233 642 3292 Persians,
659 3234 707 3282 and
725 3233 811 3286 indeed
829 3235 1002 3286 rectoratu-

87 3294 230 3345 Herodotua
246 3303 357 3356 emungat
373 3305 383 3342 t
401 3309 449 3342 em.
480 3291 535 3341 'Pha
549 3291 630 3342 Mardi
641 3309 708 3344 seem
719 3304 760 3344 not
772 3303 797 3343 to
807 3293 869 3344 have
880 3293 938 3346 alltl
986 3303 1000 3346 t

97 3371 947 3474 arara·
953 3426 1002 3470 ...

89 3473 174 3524 om·
186 3471 263 3530 ⁹¹⁹⁷!
277 3473 298 3528 ¹!
311 3481 375 3521 noto·
974 3498 978 3503 '
