2322 3850
132 195 171 254 bd
396 212 436 252 on
460 211 567 253 oesrre
589 210 773 252 anaxanonr.

131 329 198 378 aaut.
234 321 328 376 Contra
339 321 412 391 Tyrii
424 319 531 389 navigia
547 319 638 399 procul
649 336 666 372 a
677 327 818 389 conspectu
838 317 952 371 hostium
970 317 1038 370 litori

130 389 273 462 apellant,
296 391 474 460 expositisque
498 389 632 459 milrtibus,
657 405 710 458 eos,
735 388 780 458 qui
803 405 867 440 saxa
889 387 1037 456 gestabant,

130 407 294 514 obtruncant.
340 460 371 513 ln
395 461 495 512 Libano
518 475 622 528 quoque
646 460 764 512 Arabum
789 459 915 524 agrestes¹
939 458 1038 509 incom-

164 532 227 582 aitoa
244 529 407 582 Macedonas
424 529 515 595 adorti,
536 529 639 596 triginta
657 528 712 579 lere
731 527 897 594 interficiunt,
911 525 1039 600 pauciori-

150 616 180 653 us
198 598 292 668 captis.
330 599 369 652 Ea
389 617 431 651 res
448 597 627 652 Alexandrum
647 597 765 649 dividere
785 613 815 648 co
836 597 873 647 ias
890 598 991 663 coegit:
1010 603 1039 647 et

129 684 163 722 ne
175 668 290 736 segniter
307 668 424 722 assidere
442 669 486 720 uni
505 667 563 718 urbi
582 666 722 736 videretur,
736 666 806 735 operi
815 613 964 717 i’erdiocan
978 666 1038 718 Cra-

130 738 266 806 teronque²
281 737 415 807 praefecit,
430 738 484 806 ipse
502 753 565 788 oum
582 737 705 805 expedita
724 752 803 787 manu
815 736 940 788 Arabiam
953 735 1037 804 petiit.

166 810 204 860 12.
224 806 294 860 luter
318 807 384 860 haeo
412 806 484 875 Tyrii
512 823 609 857 navem
633 803 812 873 magnitudine
835 805 944 874 eximia,
969 804 1039 856 saxia

129 892 261 946 arenaque
275 894 292 928 a
310 876 402 997 puppi³
418 884 562 940 oneratam,
576 875 612 925 ita
630 884 657 926 ut
676 873 787 926 multum
806 889 879 942 prora
898 874 1038 942 emineret,

121 945 258 999 'bitumine
278 963 310 1000 ac
330 964 361 999 su
373 946 455 1014 phare
477 944 567 996 illitam
589 945 668 995 remis
691 944 902 1010 concitaverunt,
926 953 954 994 et
975 959 1036 995 curn

129 1032 254 1082 magnam
277 1016 332 1067 vim
357 1015 427 1066 venti
449 1013 507 1064 vela
526 1030 630 1088 quoque
649 1013 839 1080 concepissent,
860 1013 983 1064 celeriter
1003 1011 1037 1066 ad

128 1084 227 1138 molem
240 1084 381 1138 successit:
402 1095 457 1135 turn
477 1099 550 1152 prora
569 1099 627 1150 eJus
643 1098 763 1148 accensa,
779 1083 892 1150 remiges
904 1081 1038 1134 desiluere

128 1155 155 1206 in
179 1155 299 1223 scaphas,
324 1169 393 1222 quae
416 1151 450 1203 ad
475 1153 524 1204 hoc
548 1152 633 1220 ipsum
656 1160 826 1220 praeparatae
850 1151 1037 1219 sequebantur.

128 1223 312 1276 Navisautem
325 1222 387 1290 igne
399 1232 526 1290 concepto
545 1220 623 1272 latius
640 1219 750 1273 sundere
769 1219 920 1272 incendium
940 1221 1037 1289 coepit,

127 1293 204 1362 quod,
226 1294 377 1361 priusquam
402 1299 490 1360 posset
513 1289 621 1356 occurri,
643 1301 726 1342 turres
748 1298 774 1340 et
799 1299 887 1341 cetera
907 1305 989 1357 opera
1010 1290 1037 1342 iri

128 1362 215 1430 eapite
239 1361 316 1414 molis
338 1361 423 1430 posita
442 1359 650 1429 comprehendit.
698 1363 732 1412 At
755 1359 800 1427 qui
824 1357 985 1410 desiluerant
1010 1359 1038 1412 in

128 1447 209 1509 parva
229 1430 341 1498 navigia,
361 1428 445 1503 Jaees,
467 1443 493 1480 et
516 1428 641 1497 quicquid
665 1428 760 1482 alendo
780 1428 834 1496 igni
857 1437 951 1496 aptum
972 1436 1037 1496 erat,

128 1515 155 1552 rn
174 1499 270 1552 eadem
290 1515 369 1567 opera
389 1499 517 1566 ingerunt.
553 1498 666 1568 Jamque
688 1515 739 1550 non
759 1499 837 1550 modo
857 1497 1038 1550 Macedonum

128 1577 219 1635 turres,
233 1567 374 1620 sedetiam
392 1584 497 1620 summa
515 1566 643 1620 tabulata⁴
660 1578 832 1635 conceperant
851 1568 954 1634 ignem:
974 1583 1037 1620 oum

128 1636 163 1706 hi,
177 1636 223 1716 qui
235 1637 260 1689 in
272 1635 394 1716 ,turribus
412 1644 493 1706 erant,
508 1636 602 1705 partim
621 1637 785 1692 haurirentur
797 1635 925 1698 incendio,
939 1637 1037 1705 partim

127 1722 209 1759 arrnrs
226 1723 339 1774 omissis,
358 1706 384 1758 in
401 1722 474 1758 mare
493 1714 579 1757 semet
598 1706 648 1776 ipsi
666 1706 849 1758 immitterent.
897 1709 931 1757 At
951 1706 1037 1776 Tyrii,
1090 1769 1092 1772 Ι

127 1777 172 1846 qui
190 1792 285 1844 capere
304 1791 357 1845 eos,
376 1791 456 1844 quam
475 1774 621 1828 interficere
640 1775 756 1841 mallent,
777 1774 923 1826 natantium
941 1791 1039 1828 manus

128 1845 260 1926 stipitibus
278 1844 403 1924 saxisque
421 1844 580 1912 lacerabant,
600 1843 683 1897 donee
706 1843 846 1896 debilitati⁶
863 1845 973 1912 impune
992 1861 1037 1897 na-

128 1914 205 1983 vrgire
217 1913 303 1983 excipi
311 1923 430 2036 possent.
466 1915 491 1967 N
493 1932 524 1966 eo
542 1913 663 1966 incendio
682 1913 766 1966 solum
780 1929 858 1981 opera
870 1921 1036 1982 consumpta,

128 1985 174 2036 sed
193 1983 259 2036 forte
278 2000 310 2036 eo
330 2001 373 2036 ern
392 1984 436 2036 die
449 1983 630 2035 vehementior
642 1991 736 2034 ventus
755 1991 837 2034 totum
855 1999 890 2034 ex
907 1982 1039 2052 profundo

127 2069 201 2104 mare
216 2051 292 2105 'illisit
311 2053 337 2105 in
358 2053 463 2118 molem,
479 2051 629 2120 crebrisque
650 2051 774 2104 fluctibus
788 2065 931 2120 compages
950 2053 1039 2121 operia

128 2119 281 2174 verberatae
294 2121 438 2189 laxavere,⁶
449 2137 566 2188 saxaque
579 2121 733 2173 interfluens
746 2122 815 2173 unda
832 2119 954 2173 medium
971 2138 1039 2190 opus

128 2189 205 2258 rupit.
241 2190 355 2242 Prorutis
372 2189 450 2257 igitur
468 2189 587 2258 lapidum
606 2190 726 2258 cumulis,
739 2189 835 2260 quibus
852 2189 950 2259 injecta
968 2199 1040 2242 terra

128 2258 312 2327 sustinebatur,
333 2275 462 2337 praeceps
484 2258 511 2309 in
532 2259 691 2327 protundum
715 2261 772 2328 ruit,
794 2267 934 2327 tantaeque
959 2259 1039 2312 molis

128 2325 173 2379 vix
185 2325 239 2378 ulla
251 2327 362 2393 vestigia
374 2327 472 2380 invenit
485 2327 592 2380 Arabia⁷
605 2329 709 2381 rediens
721 2328 880 2382 Alexander.

165 2398 202 2448 13.
222 2395 291 2464 Hic,⁸
302 2394 371 2464 quod
389 2395 414 2447 in
427 2395 545 2448 adversis
564 2397 643 2450 rebus
661 2397 726 2450 solet
744 2398 809 2466 fieri,
822 2397 890 2449 aliua
908 2397 934 2450 in
952 2398 1037 2451 alium

127 2463 233 2531 culpam
257 2462 426 2532 referebant,⁹
448 2481 511 2516 oum
534 2483 627 2518 omnes
650 2468 738 2519 verius
760 2466 794 2518 de
819 2466 931 2518 saevitia
954 2468 1038 2522 maris

128 2533 201 2602 queri
219 2541 334 2602 possent.
371 2533 427 2586 Rex
446 2533 506 2585 novi
525 2537 610 2604 operis
631 2533 728 2588 molem
748 2551 830 2606 orsus,
849 2535 876 2587 in
891 2535 1036 2590 adversum

127 2610 236 2655 ventum
250 2601 401 2672 oculatam,
415 2601 462 2655 sed
476 2612 547 2655 recta
559 2603 642 2656 fronte
660 2605 771 2659 direxit:
789 2621 823 2657 ea
840 2613 929 2658 cetera
946 2621 1035 2675 opera,

126 2671 199 2725 velut
211 2671 262 2726 sub
276 2672 336 2744 ipsa
353 2671 469 2740 latentia,
483 2672 621 2726 tuebatur:
640 2673 806 2727 latitudinem
823 2691 927 2745 quoque
945 2677 1037 2744 aggeri

127 2862 132 2872 ⁸
155 2809 163 2832 ¹
174 2803 229 2852 The
240 2803 344 2864 genitive
355 2803 480 2872 partitive:
498 2801 568 2850 litera
586 2800 610 2863 y,
624 2809 630 2829 ‘
641 2803 697 2853 wild
708 2820 765 2854 men
775 2804 803 2852 of
809 2805 850 2853 the
861 2805 942 2853 Arabs
951 2806 969 2862 ;'
981 2805 1036 2855 that

126 2862 573 2970 rs,‘thrirp&apppkogcqngtssqaiqs,’ml
598 2921 657 2969 used
696 2921 718 2969 It
730 2922 945 2970 ismoreoommon
965 2922 1035 2971 how·

124 2993 190 3035 ever,
202 2979 320 3028 innamee
331 2981 358 3027 of
370 2991 458 3035 towns,
471 2995 498 3027 as
512 2937 611 3037 Tarsia,
625 2959 708 3036 Delon,
722 2981 770 3028 doc.
948 2958 954 2979 ⁹

152 3036 238 3143 litt
264 3039 519 3146 &filiiflii
537 3039 585 3146 iil·r
595 3039 697 3144 milli?
709 3036 942 3148 Attrahite?
955 3039 1035 3149 sqq.

123 3113 637 3259 hppepcheqevinrhehigienitorlynfpr
649 3113 797 3204 thegtowers.
866 3113 881 3146 ⁰
938 3134 944 3147 ι
1020 3115 1035 3149 ⁰

151 3211 1033 3340 ·r..rrrrtr.ttrtr÷trs.rrrrroratacerlianensi

152 3334 160 3358 ¹
171 3330 232 3378 Thra
243 3329 318 3398 ought
329 3329 439 3390 properly
451 3342 476 3378 to
484 3333 544 3380 hare
556 3334 618 3380 heau
629 3349 656 3380 ec
666 3335 729 3380 orob
739 3332 836 3382 Arabia.

151 3393 161 3419 ⁸
173 3387 217 3435 ‘ln
228 3389 276 3456 thrs
287 3403 442 3494 emerqenoy‚
455 3389 530 3436 under
540 3391 601 3437 such
611 3391 818 3446 circumstances,'
831 3407 858 3440 as
868 3391 893 3439 in
903 3393 973 3454 chop.
988 3398 1025 3446 17.

151 3445 194 3493 'It
204 3447 281 3506 might
292 3446 344 3495 also
372 3461 416 3494 ave
428 3446 490 3495 bean
500 3449 619 3507 reserabat.
649 3449 697 3498 See
708 3449 806 3508 Zumpt,
820 3449 833 3502 l
844 3453 897 3500 367.
