2322 3850
491 226 584 270 ussa
603 226 643 268 ιι.
982 213 1021 272 55

150 339 189 388 10.
208 334 261 390 Sed
273 343 335 390 aute
356 335 361 346 '
380 334 475 390 cienda
491 335 578 390 moles
596 343 659 407 erat,
672 353 741 406 quae
761 333 906 390 continenti
926 334 1021 392 urbem

112 404 302 462 committeret.
359 422 442 474 ngens
464 422 525 473 ergo
548 403 651 458 animos
673 405 787 460 militum
810 405 960 476 desperatio
983 406 1020 462 in·

112 475 202 544 cessit,
224 475 390 528 cernentium
412 474 572 544 profundum
596 491 678 544 mare,
700 476 768 545 quod
790 475 835 528 vix
857 476 948 530 divina
971 491 1021 548 ope

110 553 203 615 posset
226 541 345 613 impleri:
370 560 437 613 quae
462 561 525 596 saxa
549 552 603 597 tam
628 554 710 614 vasta,
732 562 797 615 quas
821 554 876 598 tam
899 561 1022 616 proceras

110 613 221 668 arbores
237 629 315 684 posse
333 613 458 684 reperiri?
477 612 671 666 exhauriendas
689 631 748 666 esse
767 632 794 667 re
814 614 895 684 iones,
908 623 937 668 ut
957 613 1021 667 illud

111 685 232 754 spatium
252 684 473 752 exaggeraretur,¹
492 691 648 736 exaestuare
668 699 773 753 semper
791 631 897 754 fletum,
916 699 1021 754 quoque

110 753 197 806 artius
216 751 356 805 volutetur²
379 753 446 804 inter
470 751 582 804 insulam
607 761 634 804 et
657 754 844 822 continentem,
866 752 916 806 hoo
936 755 1023 806 acrius

110 821 211 875 furere.
247 825 284 876 At
304 821 349 874 ille
368 819 576 891 haudquaquam
599 821 673 874 rudis
695 821 871 892 pertractandi
894 821 1022 876 militares

110 891 227 960 animos,
246 891 365 961 speciem
384 890 436 944 sibi
456 890 578 943 Herculis
596 889 623 944 in
643 908 734 944 somno
753 891 869 944 oblatam
888 907 948 944 esse
965 907 1022 963 pro·

110 961 225 1030 nuntiet,
249 961 372 1016 dextram
395 959 565 1030 porrigentis:
596 960 641 1012 illo
667 959 744 1030 duce,
769 961 813 1014 illo
837 961 973 1030 aperiente
996 962 1024 1016 in

109 1031 210 1084 urbem
233 1031 328 1082 intrare
352 1047 381 1082 se
406 1029 500 1082 visum.
536 1030 607 1082 luter
630 1029 698 1083 haec
728 1030 917 1084 caduceatores
947 1031 1023 1084 iuter·

110 1097 206 1168 sectos,
227 1100 347 1167 gentium
368 1098 426 1168 jura
446 1098 543 1152 violate
562 1099 709 1152 referebat:
735 1117 816 1154 unam
837 1116 897 1152 ease
917 1099 1021 1168 urbem,

109 1185 184 1238 quae
203 1186 311 1224 cursum
334 1169 441 1222 victuris
463 1167 559 1221 morari
581 1186 646 1222 ausa
669 1183 749 1222 esset.
785 1168 904 1223 Ducibus
927 1167 1024 1222 deiude

109 1239 251 1307 negotium
269 1238 354 1308 datur,
368 1249 396 1292 ut
414 1255 475 1290 suos
493 1237 605 1307 quisque
623 1240 754 1309 castiget‚³
767 1240 884 1308 satisque
902 1238 1024 1292 omnibus

109 1307 263 1377 stimulatis,
282 1325 348 1377 opus
367 1325 440 1360 orsus
460 1315 508 1359 est.
544 1308 645 1376 Magna
664 1311 704 1362 vis
725 1326 846 1362 saxorum
863 1307 897 1360 ad
915 1325 1024 1362 manum

46 1434 49 1439 ,
108 1386 177 1446 erat,
202 1377 273 1448 Tyro
297 1386 387 1430 vetere
429 1376 569 1430 raebente:
602 1378 725 1432 materies
749 1396 781 1432 ex
806 1378 907 1432 Libano
936 1386 1025 1432 moute

110 1447 212 1500 ratibus
231 1456 258 1500 et
275 1447 389 1499 turribus
407 1395 537 1499 faciendis
553 1446 742 1501 advehebatur.
778 1449 892 1518 Jamque
910 1464 927 1500 a
944 1445 1025 1502 fundo

108 1517 195 1572 maris
206 1517 233 1568 in
245 1516 411 1570 altitudinem
423 1515 555 1573 modicam
575 1533 641 1638 oque
658 1517 916 1587 creverat‚⁰nondum
934 1525 1025 1570 tamen

108 1603 198 1655 aquae
211 1585 346 1654 fastigium
359 1585 505 1654 aequabat:
519 1603 580 1639 cum
613 1587 671 1656 yrii‚
682 1588 767 1656 parvis
779 1587 890 1657 navigiis
901 1587 1023 1655 admotis,

108 1673 157 1724 per
171 1655 317 1708 ludibrium
335 1654 546 1726 exprobrabarit,⁴
564 1655 623 1708 illos
640 1657 722 1709 armis
739 1657 842 1710 inclitos
861 1656 937 1709 dorso
955 1657 1024 1709 siout

107 1725 235 1794 jumenta
261 1742 341 1777 onera
367 1738 485 1792 gestare:
516 1725 710 1795 interrogabant
738 1728 829 1796 etiam,
852 1743 918 1779 num
941 1725 1026 1794 major

108 1796 238 1916 Neqituno
251 1793 402 1848 Alexander
414 1793 503 1846 esset?
539 1795 613 1848 Haec
631 1796 689 1865 ipsa
707 1795 845 1848 insectatio
857 1795 1025 1849 alacritatem

108 1865 148 1918 mi
162 1875 229 1924 itum
242 1863 374 1917 accendit.

149 1941 190 1988 11.
209 1935 324 2002 Jamque
342 1932 452 2002 paulum
470 1932 554 1985 moles
571 1935 651 2002 aqua⁵
667 1932 812 2002 eminebat,
831 1943 858 1986 et
882 1933 962 1986 simul
979 1949 1024 2013 ag·

106 2003 183 2072 geris
204 2001 315 2057 latitudo
335 2001 480 2071 erescebat,
503 2001 614 2071 urbique
637 2002 844 2056 admovebatur:
869 2019 931 2054 cum
950 2001 1024 2072 Tyrii

107 2072 298 2142 magnitudine
316 2073 401 2140 molis,
415 2071 492 2150 cujus
503 2071 696 2125 incrementum
715 2088 762 2124 eos
778 2081 858 2124 antea
877 2069 1026 2142 fefellerat‚⁶

107 2151 263 2212 conspecta,
277 2141 380 2195 levibus
392 2141 506 2209 navigiis
517 2139 633 2194 nondum
646 2141 820 2196 commissum
830 2157 897 2212 opus
914 2141 1025 2196 circum·

108 2211 149 2266 ire
168 2222 322 2282 coeperunt,
336 2210 480 2264 missilibus
497 2227 601 2279 quoque
620 2228 673 2280 eos,
687 2211 731 2280 qui
750 2228 795 2280 pro
813 2227 892 2282 opere
910 2209 1015 2264 stabant

107 2279 255 2334 incessere.
291 2280 386 2334 Multis
398 2297 460 2348 ergo
478 2279 587 2349 impune
600 2280 750 2349 vulneratis,
764 2297 826 2334 oum
845 2287 872 2334 et
889 2296 996 2333 remove

108 2359 138 2404 et
150 2368 187 2421 ap
224 2349 288 2404 llere
300 2350 415 2420 scaphas
428 2351 453 2402 iu
466 2349 589 2418 expedito
601 2352 691 2419 esset‚⁷
702 2349 736 2402 ad
749 2367 843 2404 curam
852 2358 938 2403 semet
956 2350 1026 2418 ipsos

109 2430 175 2473 tuen
198 2418 252 2473 tab
264 2437 343 2490 opere
355 2427 553 2473 converterant:
573 2428 599 2471 et
618 2436 669 2489 quo
688 2419 790 2488 longius
801 2419 886 2472 moles
897 2419 1025 2488 agebatur

108 2507 127 2542 a
149 2487 234 2560 litore,
255 2489 307 2543 hoe
325 2489 411 2557 magis
434 2487 560 2558 quioquid
581 2488 748 2557 ingerebatur
766 2489 914 2558 praealtum
936 2487 1024 2542 absor-

107 2557 195 2612 bebat
217 2576 300 2612 mare.
336 2559 419 2627 Igitur
443 2575 488 2610 rex
511 2557 693 2612 munientibus
716 2559 786 2611 coria
811 2557 923 2626 velaque
946 2556 1025 2627 jussit

107 2627 230 2698 obtendi,
245 2637 272 2682 ut
285 2637 358 2682 extra
370 2627 416 2680 teli
428 2626 528 2696 jactum
541 2637 645 2680 essent:
663 2628 783 2697 duasque
796 2635 881 2680 turres
891 2643 927 2679 ex
937 2627 1024 2696 capite

107 2697 191 2750 molis
209 2698 312 2768 erexit‚³
323 2715 339 2749 e
351 2696 448 2768 quibus
460 2697 485 2748 iu
499 2695 642 2750 subeuntes
660 2697 775 2768 scaphas
792 2695 846 2749 tela
863 2694 947 2764 ingeri
964 2709 1024 2766 pos·

140 2832 148 2856 ¹
162 2827 216 2875 ‘To
226 2827 261 2874 fill
272 2842 304 2886 up
314 2827 366 2874 that
378 2841 449 2886 space
461 2824 518 2872 with
530 2841 544 2872 a
555 2825 635 2874 mole!

138 2891 150 2916 ²
162 2886 235 2934 ‘And
246 2886 287 2933 the
299 2901 418 2933 narrower
429 2885 461 2932 its
472 2899 557 2932 course
568 2885 638 2941 wes‚’
651 2885 701 2934 duc.

139 2949 149 2974 ³
160 2943 224 2992 This
236 2945 300 2994 word
313 2945 417 3004 implies,
432 2949 438 2969 ⁴
449 2955 474 2991 to
484 2943 554 3004 bring
570 2945 685 2992 theman
695 2952 721 2990 to
732 2939 795 2989 their
805 2939 874 3000 duty,
887 2941 921 3002 by
930 2941 1020 3000 words,

23 2993 28 2998 ⁵
108 3001 131 3052 il
143 3004 267 3062 possible3
286 3002 307 3051 it'
318 3013 368 3059 not,
381 3003 596 3063 by'puuishmentl

139 3063 207 3111 ‘For
216 3063 257 3112 the
267 3063 429 3112 construction
438 3061 466 3110 of
473 3067 479 3087 ‘
486 3079 537 3110 cum
546 3059 696 3120 temporale,'
706 3074 748 3108 see
759 3057 839 3108 Grani.
850 3057 924 3118 9355,
935 3071 992 3110 uota
1002 3063 1022 3110 1.

137 3130 167 3212 :⁴
178 3122 566 3229 quambereusedloqesoqua.

138 3245 147 3268 t
160 3181 462 3301 ιΙῑἃιῗιιθεεὲἓιιιξάῑοῐιὴῗιῐιὲιιι,
471 3237 529 3298 they
538 3253 602 3284 were
611 3246 652 3284 not
660 3236 807 3296 presented)
833 3235 882 3286 We
891 3253 935 3298 say
943 3253 980 3287 res
989 3245 1022 3306 est

109 3302 136 3349 ia
147 3303 262 3362 medita,
276 3315 307 3347 on
319 3300 359 3347 the
371 3313 437 3346 same
449 3296 552 3358 analogy
562 3311 589 3344 as
602 3305 680 3344 rescat
692 3298 718 3345 ia
726 3299 802 3354 dudio,
815 3299 843 3346 in
852 3306 939 3360 aperto.
970 3295 992 3344 It
1001 3311 1023 3346 rs

107 3357 250 3418 equivalent
262 3369 287 3406 to
299 3376 335 3408 res
346 3367 380 3406 est
392 3357 504 3418 medita.

136 3418 215 3466 ‘The
226 3428 316 3468 towers
327 3433 390 3473 rose,
403 3431 432 3463 aa
441 3414 459 3462 it
471 3429 543 3470 were,
558 3416 614 3462 ‘out
631 3413 659 3462 of
670 3413 711 3463 the
727 3423 768 3476 top
784 3413 812 3464 os
823 3413 864 3462 the
880 3411 961 3462 mole.'
993 3412 1024 3464 In

108 3475 150 3526 the
162 3487 222 3526 next
233 3477 333 3538 chapter
340 3491 384 3525 our
394 3473 481 3524 author
491 3489 547 3524 uses
558 3475 584 3522 iu
594 3475 669 3536 caphe
678 3476 754 3524 nulia.
