2274 3844
116 199 175 256 224
242 233 244 238 .
381 212 421 252 ns
444 210 551 252 osseis
573 209 757 251 sesamum.

115 339 184 378 soni.
220 320 383 376 Detestabile
409 319 539 374 cariiiticis
564 317 738 372 ministerium
764 323 942 386 occupaverat
970 333 1029 386 rex,

115 391 255 446 verborum
279 391 423 458 licentiam,
448 406 517 458 quas
541 389 601 440 viiio
624 397 724 456 poterat
749 386 879 456 imputari,
905 383 1030 438 nefanda

115 463 199 514 caede
211 461 291 514 ultus.
327 459 455 513 Manabat
474 468 527 510 tuto
539 456 679 511 vestibulo¹
692 473 767 508 eruor
784 455 862 525 paulo
879 465 943 508 ante
963 473 1030 507 con·

115 529 207 582 virae:
227 531 321 598 vigiles
337 529 439 582 attoniti
451 537 477 580 et
496 525 661 596 stupentibus
680 525 781 578 similes
798 524 889 594 procul
908 525 1029 593 stabant,

114 598 317 668 liberioremque
336 598 524 668 poeniteutiam
543 596 654 654 solitudo
670 593 840 663 excipiebat*
876 593 947 672 Ergo
964 594 1030 646 has·

115 677 169 720 tam
188 685 223 722 eir
239 685 345 737 corpore
362 667 474 737 jacentis
491 665 609 718 evolsam
628 665 727 715 retorsit
748 665 773 716 iii
792 673 894 732 seme13
912 679 1030 733 Jamque

114 737 268 790 admoverat
293 739 391 806 pectori
415 752 476 788 curn
502 734 625 786 advolant
650 733 751 800 vigiles,
771 741 797 784 et
822 733 985 802 repugnanti
1013 749 1031 784 e

114 806 239 860 manibus
262 812 423 875 extorquent,
442 805 640 871 allevatumque
665 804 691 855 in
719 801 922 856 tabernaculum
949 799 1030 854 defe-

115 887 180 928 runt.
225 876 283 930 llle'
311 875 385 929 humi
414 882 586 943 prostraverat
610 889 709 942 corpus,
733 873 833 940 gemitu
865 871 1030 941 ejulatuque

114 945 257 1000 miserabili
281 953 362 998 totam
386 959 528 1012 personans
557 941 667 1010 regiam.
714 941 835 994 Laniare‘
864 940 964 994 deinde
998 957 1030 992 os

114 1015 255 1082 unguibus,
280 1023 308 1066 et
335 1015 536 1066 circumstantes
566 1028 663 1079 rogare,
688 1027 721 1062 ne
747 1028 775 1062 se
800 1019 871 1062 tanto
895 1009 1030 1062 dedecori

115 1085 285 1152 superstitem
312 1083 383 1135 esse⁸
408 1091 565 1151 paterentur.
601 1080 672 1132 luter
699 1077 746 1131 lias
771 1095 866 1148 preces
890 1087 948 1130 tota
973 1096 1029 1132 nox

114 1161 231 1206 extracto
254 1152 314 1204 est!
349 1152 574 1218 scrutantemque,
594 1166 658 1201 irum
681 1150 719 1200 ira
736 1148 844 1200 deorum
863 1149 897 1199 ait
918 1157 1029 1202 tantum

114 1222 192 1274 nefas
216 1234 293 1275 actus
319 1230 396 1289 esset,
416 1220 486 1272 subit
510 1219 717 1271 anniversarium
741 1215 902 1270 sacrificium
927 1218 1029 1271 Libero

114 1291 184 1344 Patri
214 1308 263 1344 non
293 1307 352 1342 esse
382 1291 512 1342 redditum
537 1296 634 1340 statuto
657 1297 784 1355 tempore.
831 1287 925 1354 ltaque
957 1287 1029 1339 iuter

114 1360 206 1414 viuum
225 1369 250 1412 et
269 1359 362 1430 epulas
378 1359 461 1410 caede
479 1359 629 1424 commissa,
649 1358 713 1408 iram
731 1355 773 1408 dei
793 1355 875 1408 fuisse
895 1357 1028 1408 manifes-

114 1439 177 1482 tam.
213 1429 336 1481 Ceterum
361 1427 447 1494 magis
472 1445 504 1478 eo
529 1426 690 1492 movebatur,
715 1425 783 1494 quod
810 1429 931 1478 omnium
956 1429 1028 1478 arni·

113 1513 203 1550 corum
215 1497 317 1549 animos
328 1495 435 1550 silebat
452 1498 590 1548 attonitos:
610 1496 744 1548 neminem
762 1513 824 1548 cum
844 1495 901 1564 ipso
920 1497 1027 1548 sociare

113 1582 261 1618 sermonem
291 1573 383 1633 postea
407 1582 549 1618 ausurum:
576 1565 717 1618 vivendum
741 1581 801 1616 esse
825 1565 851 1616 iri
875 1564 1026 1618 solitudine

112 1634 184 1687 velut
208 1633 281 1686 ferse
305 1633 413 1701 bestiae,
438 1635 544 1687 terrenti
574 1633 648 1701 alias,
672 1633 738 1685 alias
767 1633 894 1686 timenti.⁷
930 1635 1025 1686 Prima

112 1702 208 1756 deinde
228 1703 287 1756 luce
305 1703 473 1756 tabernaculo
491 1720 591 1772 corpus,
605 1703 673 1755 sicut
690 1703 779 1755 adhuc
795 1712 937 1755 cruentum
956 1713 1022 1773 erat,

110 1772 186 1842 jussit
199 1772 297 1825 inferri.
333 1772 391 1831 Quo
409 1774 493 1842 posito
505 1784 566 1824 aute
578 1772 672 1840 ipsum,
688 1771 803 1824 lacrimis
813 1771 922 1840 obortis,
935 1773 1022 1842 llario,

112 1842 203 1912 inquit,
228 1841 321 1895 nutrici
345 1859 423 1896 meae
445 1842 556 1910 gratiam
582 1841 678 1909 rettuli,
697 1840 776 1910 cujus
798 1841 850 1893 duo
873 1840 924 1892 filii
949 1843 1020 1910 apud

111 1911 235 1964 Miletum
253 1929 299 1981 pro
318 1929 379 1964 mea
396 1911 477 1980 gloria
494 1911 640 1964 occubuere
659 1918 778 1979 mortem,
793 1909 835 1962 hic
855 1908 945 1980 irater,
963 1913 1021 1964 uni-

111 1997 172 2034 cum
191 1981 309 2034 orbitatis
327 1981 458 2050 solatium,
471 1999 487 2034 a
499 1997 544 2033 me
563 1981 629 2032 inter
641 1979 734 2048 epulas
751 1979 855 2031 occisus
872 1988 923 2032 est.
962 1979 1021 2038 Quo

110 2067 181 2103 nunc
204 2067 233 2102 se
256 2050 374 2104 conseret
392 2050 506 2104 miserat
541 2049 670 2102 Omnibus
693 2047 752 2117 ejus
771 2065 839 2100 unus
857 2051 1021 2118 supersum,8

110 2137 192 2188 quern
204 2119 289 2174 solum
301 2120 395 2190 aequis
406 2119 491 2172 oculis
501 2119 593 2172 videre
606 2135 655 2169 riori
668 2117 771 2186 poterit.
809 2117 841 2170 Et
860 2134 911 2185 ego
930 2136 1018 2170 serra·

111 2199 195 2241 torum
220 2205 339 2242 meorum
363 2189 448 2259 latro,⁹
465 2197 580 2241 revertar
604 2187 627 2239 iu
652 2187 772 2256 patriam,
791 2194 821 2239 nt
840 2203 875 2238 ne
893 2187 1016 2242 dextram

128 2257 217 2310 uidem
230 2258 324 2310 nutrici
336 2258 393 2311 sirie
406 2258 534 2311 memoria
546 2256 704 2309 calamitatis
715 2256 775 2325 ejus
786 2255 880 2309 offerre
894 2255 1014 2324 possim!

109 2274 145 2378 ht
157 2341 219 2377 euru
231 2327 291 2378 finis
302 2326 420 2380 lacrimis
430 2327 597 2396 querelisque
615 2343 665 2378 riou
684 2325 765 2395 fieret,
777 2325 852 2395 jussu
867 2327 1016 2380 amicorum

108 2410 203 2462 corpus
220 2394 339 2448 ablatum
358 2404 407 2448 est.
442 2397 499 2452 Rex
520 2397 636 2450 triduum
658 2395 741 2465 jacuit
764 2397 890 2448 inclusus.
928 2395 1016 2454 Quem

108 2470 137 2514 ut
148 2461 272 2529 armigeri
288 2463 456 2532 corporisque
475 2465 599 2517 custodes
615 2464 650 2517 ad
668 2463 834 2518 moriendum
851 2463 1016 2520 obstinatum

108 2547 168 2584 esse
188 2542 373 2601 cognoverunt,
387 2534 504 2586 universi
524 2533 550 2586 in
570 2533 769 2588 tabernaculum
786 2534 945 2604 irrumpunt,
958 2535 1016 2587 diu-

107 2615 160 2670 que
180 2600 303 2670 precibus
321 2601 438 2672 ipscrum
455 2603 613 2656 reluctatum
632 2619 711 2672 aegre
730 2603 856 2672 vicerunt,
875 2611 905 2655 ut
923 2603 1015 2658 cibum

107 2791 121 2842 ᾖ
136 2739 143 2761 ¹
153 2732 208 2782 The
217 2733 320 2782 ablutive
330 2734 388 2782 with
397 2744 443 2784 toto
454 2735 474 2783 is
485 2735 608 2796 generally
615 2737 674 2785 used
681 2737 783 2785 without
794 2737 828 2784 iri.
855 2735 902 2784 See
913 2735 1015 2796 Zumpt,

132 2795 225 2920 3iil'he
241 2851 344 2901 solitnds
361 2851 467 2933 ailopdsd
483 2853 638 2913 opportunity
653 2853 689 2902 sor
704 2855 745 2903 the
762 2869 828 2903 more
845 2854 1016 2904 umestrained

106 2912 412 3040 exfllhilbhighidiiiffd'
431 2971 491 3040 usse
503 2969 601 3030 Zumpt.
614 2971 627 3023 i
638 2976 689 3020 702.

134 3026 206 3074 ‘The
217 3028 359 3088 descriptiva
371 3030 495 3079 infinitiva.
526 3030 573 3076 See
587 3029 665 3078 Grom.
676 3030 690 3082 i
701 3033 751 3078 ³90.

135 3083 207 3132 '‘To
222 3088 317 3134 survive
326 3089 343 3144 ;'
360 3099 477 3150 superstes
493 3089 552 3135 used
569 3091 601 3148 by
618 3088 716 3137 Curtius
732 3089 791 3136 witti
812 3088 853 3138 the
870 3089 961 3148 dative,
979 3092 1014 3154 by

104 3142 187 3192 others
198 3144 321 3250 qensrally
332 3147 391 3194 with
403 3148 443 3194 the
454 3147 567 3216 genitive.
600 3147 646 3194 See
660 3148 756 3207 Zumpt,
770 3147 783 3199 i
794 3151 846 3196 411.
960 3209 965 3218 ²

106 3265 113 3286 ι
133 3207 142 3232 ⁸
152 3201 199 3249 Per
217 3215 259 3260 aps
271 3217 308 3270 we
319 3220 364 3251 can
374 3207 428 3252 best
439 3223 494 3312 qiua
505 3204 546 3253 the
562 3205 625 3274 soros
641 3205 669 3254 of
680 3210 797 3275 mereim
812 3208 845 3267 by
855 3207 1001 3290 translating

119 3259 175 3308 'l'be
187 3259 264 3307 whole
276 3261 343 3323 night
355 3264 433 3316 (arida
453 3280 652 3371 onqwsarisoms
662 3266 730 3326 night
741 3276 759 3314 it
771 3271 831 3320 was)
843 3280 895 3314 was
906 3277 983 3326 spent.

131 3318 950 3431 :rfgrggrgq,fgiqggggrrsesome‘earm‘

130 3436 140 3461 ·
150 3433 292 3484 ‘Murdsrer
299 3437 316 3494 ;'
329 3451 344 3484 a
354 3451 419 3484 mere
430 3441 517 3488 robber
527 3440 548 3489 is
555 3445 650 3504 praedo.
673 3460 675 3464 ’
