2278 3846
179 164 216 220 94
445 178 484 218 us
508 177 614 218 ausura
636 157 819 220 rusxsnnar.

179 304 256 340 curru
268 287 356 356 vehor,
369 303 420 340 neo
440 303 541 352 recuso,
554 303 605 356 quo
627 287 715 340 minus
734 286 876 342 imitemini
894 303 949 358 me,
964 287 1023 340 sire
1045 287 1093 338 sor·
1136 319 1137 336 .

180 355 300 410 titudinis
311 355 473 426 exemplum,
487 357 543 408 sive
554 357 675 424 ignaviae
687 356 769 408 luero.

214 429 256 477 56.
275 425 383 478 Interim
402 425 561 493 Alexander,
582 434 610 478 ut
632 434 659 477 et
678 425 888 478 demonstratum
913 443 930 478 a
953 425 1093 492 transfuga

180 494 333 548 iusidiamm
354 494 444 547 locum
463 494 621 564 circumiret,
638 503 664 546 et
685 494 777 564 Dareo,
791 495 836 564 qui
854 511 935 547 cornu
956 494 1092 561 tuebatur,
1136 495 1137 498 ’

180 575 334 633 occurreret,
347 581 445 632 agmen
457 563 509 616 obli
530 581 594 628 uum
608 563 730 616 incedere
748 563 832 633 jubet.
869 565 974 616 Dareus
987 577 1093 634 qunque
1135 565 1137 630 ξ

179 632 275 686 eodem
287 651 365 686 suum
377 633 497 702 obvertit,
510 580 591 685 flesso
604 633 745 702 admonito,
760 643 787 685 ut
802 633 974 700 Massagetas
987 635 1093 702 equites

179 701 206 754 in
230 701 345 756 laevum¹
366 701 510 756 Alexandri
528 718 607 754 cornu
626 719 643 753 a
661 702 742 753 latere
766 702 855 754 invehi
877 702 995 771 juberet.
1033 703 1093 772 lpse
1136 729 1137 732 ¹

180 780 242 823 ante
261 789 289 825 se
308 771 419 824 falcatos
430 771 534 824 'currus
556 770 680 840 habebat,
699 787 764 840 quos
782 771 855 840 signo
872 774 934 823 dato
952 773 1093 824 universos

181 840 206 894 in
231 840 335 894 hostem
358 839 460 894 effudit.
497 839 619 893 Ruebant
645 840 739 893 laxatis
761 839 873 910 habenis
898 842 1020 910 aurigae,
1040 857 1093 910 quo
1135 845 1137 870 ³

88 959 91 970 ,
180 909 268 1030 plures
285 911 401 964 nondum
415 909 479 962 satis
491 910 593 979 proviso
614 909 716 978 impetu
737 909 894 962 obtererent.
932 911 1092 979 Alios'ergo

199 991 273 1034 astae
293 981 408 1034 multum
428 979 496 1033 ultra
513 987 648 1032 temonem
669 979 825 1046 eminentes,
838 979 903 1031 alios
922 979 959 1032 ab
979 989 1093 1048 utroque

181 1047 262 1100 latere
274 1049 399 1103 dimissae
416 1047 499 1101 falces
519 1048 679 1100 laceravere.
713 1049 772 1100 Nec
792 1049 893 1100 sensim
913 1049 1094 1102 Macedonesl

180 1118 327 1189 cedebant,
351 1119 399 1172 sed
419 1117 505 1171 effusa
529 1117 592 1186 luga
615 1117 782 1170 turbevarant
805 1117 920 1170 ordines.
957 1119 1093 1171 Mazaeus

124 1233 129 1254 ,
180 1204 285 1258 quoque
341 1189 432 1241 rculsis
452 1195 555 1240 metum
576 1187 693 1254 incussit,
715 1187 788 1238 mille
812 1187 946 1256 equitibus
968 1189 1005 1240 ad
1030 1189 1092 1241 diri-

182 1258 278 1326 pienda
301 1206 383 1312 histis
406 1257 596 1326 impedimenta
620 1255 783 1308 circumvehi
809 1255 897 1325 jussis,
923 1265 1005 1324 ratus,
1031 1273 1093 1326 cap·

181 1327 247 1378 tivos
275 1343 388 1396 quoque,
412 1327 457 1396 qui
488 1325 566 1379 simul
595 1326 804 1394 asservabantur,
829 1335 950 1394 rupturos
974 1329 1091 1395 vincula,

181 1413 241 1448 oum
267 1413 328 1449 suos
351 1395 599 1516 appropinrpuantes’
617 1395 755 1446 vidissent.
791 1395 851 1447 Non
875 1395 1009 1448 fefellerat
1031 1397 1092 1448 Par·

183 1465 353 1534 menionem,⁴
372 1465 417 1534 qui
437 1481 463 1517 m
493 1481 559 1517 aero
578 1472 647 1516 erat:
668 1481 776 1532 propere
797 1463 877 1532 igitur
896 1464 1093 1534 Polydamanta

182 1534 261 1584 mittit
275 1534 318 1606 [ad
332 1533 441 1606 regern],
454 1535 500 1603 qui
520 1544 546 1587 et
565 1533 711 1603 periculum
732 1533 889 1603 ostenderet,
904 1543 930 1586 et
949 1535 1014 1602 quid
1036 1536 1092 1588 fieri

180 1601 284 1681 juberet
303 1604 459 1656 consuleret.
495 1602 551 1671 llle,
571 1602 660 1655 audito
684 1602 884 1672 Polydamante,
906 1603 1090 1674 Abi-nuntia,

183 1674 272 1740 mquit,
293 1671 468 1741 Parmenioni,
482 1673 503 1725 si
521 1673 579 1724 acie
597 1672 745 1740 vicerimus,
763 1687 813 1723 non
832 1682 920 1724 nostra
938 1673 1025 1726 solnm
1045 1691 1093 1726 nos

184 1750 388 1812 recuperaturos,
414 1742 461 1794 sed
484 1741 564 1794 etiam
590 1757 659 1810 quae
684 1741 797 1792 hostium
822 1749 883 1793 sunt
906 1753 1109 1812 occupaturos„

185 1809 294 1864 Proinde
312 1828 362 1864 nou
387 1821 427 1864 est
463 1811 514 1864 uod
532 1811 627 1862 virium
652 1811 794 1879 quicquam
819 1810 949 1863 subducat
968 1829 1003 1864 ex
1022 1813 1090 1882 acie,

183 1879 238 1946 sed,
253 1891 280 1932 ut
292 1899 344 1952 me,
358 1890 387 1934 ut
405 1829 525 1950 Phiiippo
538 1889 611 1949 patre
623 1879 731 1946 dignum
752 1889 799 1948 est,
813 1889 966 1950 contempto
978 1883 1091 1934 sarcina·

184 1965 240 2001 rum
260 1951 356 2003 damno
374 1950 474 2003 sortiter
489 1950 606 2002 dimicet.
642 1948 874 2002 Interimbarbari
899 1951 1091 2018 impedimenta

183 2020 358 2090 turbaverant,
377 2020 516 2088 caesisque
533 2017 666 2088 plerisque
685 2019 833 2088 custodum,
852 2019 958 2088 captivi,
979 2021 1090 2074 vinculis

184 2091 271 2158 nuptis,
293 2088 418 2158 quicquid
438 2091 527 2140 ovium
552 2100 615 2153 erat,
636 2102 688 2154 quo
711 2088 807 2139 armari
826 2098 942 2158 possent,
963 2089 1089 2158 arripiunt

183 2166 209 2208 et
227 2159 362 2226 aggregati
380 2173 487 2210 suorum
506 2152 642 2226 equitibus
659 2155 830 2224 Macedonas,
850 2158 959 2227 ancipiti
978 2160 1089 2212 circum·

182 2235 275 2277 ventos
288 2227 364 2296 malo,
375 2221 520 2278 invadunt:
540 2225 656 2294 laetique
674 2226 719 2294 qui
732 2225 803 2277 circa
815 2226 995 2296 Siaygambim
1006 2238 1088 2298 erant,

184 2295 278 2346 vicisse
291 2297 415 2364 Dareum,
429 2295 528 2364 ingenti
541 2297 624 2347 caede
643 2303 783 2363 prostratos
800 2294 898 2364 hostes,
912 2297 947 2348 ad
965 2297 1088 2351 ultimum

182 2364 261 2415 etiam
283 2365 482 2434 impedimentis
503 2373 596 2417 exutos
617 2381 684 2434 esse,
705 2367 834 2432 nuntiant,
855 2367 955 2434 quippe
976 2368 1088 2420 eandem

182 2433 312 2487 fortunam
324 2434 423 2502 ubique
440 2451 499 2486 esse
512 2432 663 2500 credebant,
678 2443 704 2486 et
717 2434 829 2485 victores
847 2433 943 2487 Persas
961 2435 997 2488 ad
1016 2453 1088 2506 prae-

181 2501 243 2554 dani
264 2503 426 2556 discurrisse.
462 2501 634 2572 Sisygambis,
654 2501 819 2559 hortantibus
841 2504 961 2573 captivis,
982 2516 1011 2558 ut
1035 2506 1087 2558 aui-

181 2589 255 2625 mum
275 2589 421 2626 arnaerore
441 2573 575 2642 allevaret,
589 2573 616 2624 in
634 2571 738 2639 eodem,
752 2575 904 2640 quolantea
923 2573 982 2642 luit,
1039 2592 1086 2628 rse-

184 2644 292 2696 veravil.
329 2644 388 2696 Non
408 2660 460 2698 vox
482 2642 538 2696 ulla
560 2641 659 2694 excidit
679 2641 712 2710 si,
733 2658 785 2693 non
804 2641 857 2693 oris
875 2641 947 2694 color
967 2661 1002 2696 vn
1015 2655 1086 2696 tuave

209 2804 215 2826 ¹
225 2797 353 2844 incurrent.
385 2794 408 2844 It
419 2803 484 2844 must
495 2794 525 2840 be
537 2793 563 2839 in
573 2793 689 2844 deutrum,
702 2789 737 2837 for
746 2789 823 2848 (chop.
835 2793 873 2843 45)
884 2788 978 2839 Bessus
989 2792 1037 2840 and
1050 2792 1086 2839 the

180 2855 334 2916 Massagetae
341 2869 405 2904 were
417 2869 449 2902 on
459 2854 500 2901 the
512 2850 553 2899 left
564 2849 628 2910 wing
637 2848 664 2898 cs
671 2847 712 2896 the
725 2847 847 2904 Persians,
859 2849 905 2896 and
913 2851 1088 2910 consequently

179 2913 286 2972 opposed
298 2924 322 2962 to
334 2912 497 2962 Alexander's
508 2909 581 2971 right.
776 2973 781 2982 .

208 2979 322 3028 'Thotis
333 2979 374 3028 the
385 2979 464 3026 antea
480 2978 541 3025 notri
556 2973 584 3022 of
596 2973 636 3021 the
654 2971 838 3029 Macedonicus,
859 2988 886 3020 or
901 2973 943 3020 the
955 2973 1089 3026 successful

180 3039 311 3086 resistancs
322 3038 350 3086 ol
357 3038 398 3085 the
409 3037 442 3096 ph
466 3035 561 3096 angites
572 3033 593 3080 is
605 3031 744 3080 mentioned
755 3047 769 3078 a
779 3031 841 3080 little
853 3032 921 3080 after.

209 3115 217 3139 ¹
228 3110 276 3180 For¹
287 3109 328 3156 the
339 3108 467 3158 differeuce
479 3107 694 3216 betwrpepgrpideote
704 3106 928 3164 appropinquantem
938 3105 986 3154 and
993 3109 1061 3156 uideo
1070 3115 1091 3155 te

180 3167 549 3302 opppcpnplppaogptspsaoezprpppss
564 3199 644 3278 notice
660 3229 689 3278 ο1
701 3229 847 3299 Ριηιιοηίᾳ.’
879 3229 975 3301 Fullone
985 3231 1032 3280 lias
1043 3241 1091 3302 turp

181 3291 363 3354 significations‚
378 3295 418 3337 ‘to
428 3291 546 3347 decervs,’
559 3289 606 3339 and
619 3295 659 3338 ‘to
674 3303 761 3348 escape
777 3298 856 3338 notice
865 3290 881 3347 ς’
892 3290 940 3340 aud
956 3306 982 3340 m
996 3289 1059 3342 both
1071 3299 1092 3345 rt

181 3367 284 3413 governs
293 3349 334 3396 the
346 3349 489 3396 accusative.
641 3362 642 3370 ¹

212 3415 266 3464 'Or
277 3417 365 3473 inquo.
398 3411 642 3470 SeoZunipt,l778.
