2322 3850
130 245 170 300 70
400 257 440 296 nr
464 255 570 297 orsrre
593 255 775 296 rnrxrnnar.

165 371 206 418 30.
226 367 294 435 Ergo
313 381 374 420 cum
395 365 527 436 hisquae
547 364 645 418 docere
667 381 760 418 secum
785 372 918 431 statuerat,
928 361 1048 415 secundo

130 453 209 488 amne
222 433 359 488 descendit
377 435 411 488 ad
429 435 560 488 Mareotin
580 434 716 504 paludem.
755 433 794 486 Eo
812 433 892 500 legati
910 433 1048 502 Cyrenen-

131 507 210 558 sium¹
222 505 291 557 dona
303 503 423 573 attulere,
438 521 541 574 pacem,
555 515 582 556 et
596 513 623 556 ut
636 503 719 556 adiret
737 503 817 555 urbes
830 519 899 570 suas,
913 511 1047 569 petentes.

132 575 187 642 ltle,
201 573 277 626 donis
294 574 418 644 acceptis,
431 574 603 643 amicitiaque
622 573 769 642 conjuncta,
788 572 930 623 destinata²
949 569 1047 638 exequi

131 644 224 712 pergit.
260 645 301 696 Ac
319 642 403 712 primo
422 642 533 712 quidem
553 652 580 694 et
601 653 727 712 sequente
748 643 791 693 die
813 640 956 693 tolerabilis
974 639 1048 691 labor

133 729 212 782 visus,
226 711 341 764 nondum
361 720 414 764 tarn
428 711 522 765 vastis³
538 712 669 781 nudisque
688 709 873 763 solitudinibus
891 709 978 778 aditis,
992 707 1047 778 jarn

133 795 221 834 tamen
234 781 318 834 sterili
331 790 358 834 et
372 781 518 835 emoriente
530 789 608 834 terra.
646 780 698 834 Sed
718 791 745 832 ut
763 795 891 849 aperuere
911 797 940 830 se
959 777 1047 846 campi

131 852 184 903 alto
202 850 288 905 obruti
306 850 407 919 sabulo,
425 850 497 918 haud
515 867 593 902 secus
610 867 690 920 quam
711 848 868 918 protundum
888 864 989 918 aequor
1008 849 1047 898 irr-

132 919 223 991 gressi,
237 929 334 974 terrem
347 921 432 973 oculis
451 918 627 988 requirebant.
663 919 744 973 Nulla
762 919 846 985 arbor,
862 918 965 972 nullum
983 916 1047 969 culti

132 990 179 1042 soli
202 991 357 1042 occurrebat
380 989 531 1058 vestigium.
579 993 657 1059 Aqua
684 991 765 1042 etiam
797 987 940 1057 defecerat,
966 1003 1047 1056 quam

133 1059 236 1112 utribus
259 1059 355 1112 cameli
375 1067 509 1127 rexerant,
529 1067 555 1110 et
575 1061 600 1110 in
620 1058 691 1110 arido
711 1057 765 1111 solo
783 1075 815 1108 ac
833 1056 934 1109 fervido
955 1053 1049 1108 sabulo

134 1129 204 1180 trulla
217 1135 281 1181 erat.
318 1128 359 1182 Ad
373 1128 433 1180 hoc⁴
445 1126 482 1179 eol
495 1127 584 1180 omnia
603 1127 763 1196 incenderat,
778 1128 901 1195 siccaque
914 1135 940 1177 et
952 1125 1049 1178 adusta

134 1211 206 1250 eraut
218 1214 277 1250 ora:
297 1214 358 1250 cum
372 1214 399 1250 re
419 1207 487 1265 ente,
501 1197 557 1250 sive
570 1197 634 1250 illud
647 1198 757 1249 deorum
779 1212 883 1266 munus,
897 1197 954 1248 sive
970 1212 1050 1248 casus

136 1267 192 1335 suit,
206 1267 337 1320 obductae
350 1215 425 1318 coelb
435 1266 521 1318 nubes
532 1267 673 1319 condidere
687 1267 778 1334 solem,
793 1267 885 1334 ingens
896 1274 973 1318 aestu
988 1265 1046 1317 lati-

134 1338 203 1404 gatie
214 1337 319 1389 etiamsi
337 1352 406 1404 aque
423 1335 559 1405 deficeret,
573 1337 709 1389 auxilium.
747 1336 891 1388 Enimvero
902 1343 931 1387 ut
945 1333 1049 1404 largum

134 1419 239 1474 quoque
257 1405 371 1458 imbrem
389 1416 562 1458 excusserunt
579 1407 720 1474 procellae,
735 1422 780 1474 pro
799 1422 827 1456 ee
845 1405 958 1473 quisque
977 1419 1038 1456 exet

135 1493 197 1544 pere
211 1491 281 1543 euru,
295 1473 403 1543 quidam
416 1474 450 1526 ob
463 1474 534 1526 sitim
548 1475 708 1544 impotentes
721 1476 769 1542 sui,
783 1491 827 1524 ore
846 1490 952 1542 quoque
966 1473 1049 1526 hianti

135 1553 242 1613 captare
263 1552 414 1613 coeperunt.
452 1543 629 1602 Quatriduum
651 1563 695 1614 per
718 1554 806 1596 vastas
828 1544 984 1595 solitudines
1004 1545 1050 1595 ab·

136 1623 269 1682 sumptum
294 1622 343 1664 est.
380 1614 494 1681 Jamque
518 1613 588 1666 haud
612 1615 702 1684 procul
720 1612 818 1666 oraculi
841 1612 905 1664 sede
931 1614 1049 1680 aberant,

135 1701 195 1736 curn
210 1683 361 1754 complures
373 1683 444 1734 corvi
457 1682 556 1750 agmini
570 1695 717 1751 occurrunt,
733 1683 836 1734 modico
857 1683 944 1734 volatu
965 1679 1056 1752 prima

135 1753 211 1821 signa
230 1751 429 1821 antecedentes,
449 1760 476 1804 et
495 1753 573 1804 modo
594 1753 669 1804 humi
691 1753 847 1820 residebant,
869 1769 931 1803 cum
954 1752 1052 1804 lentius

134 1839 229 1890 agmen
252 1821 396 1891 incederet,
416 1821 495 1874 modo
516 1839 545 1874 se
567 1825 660 1892 pennis
681 1822 810 1888 levabant,
833 1821 1051 1874 antecedentium
1084 1820 1086 1824 ’

135 1891 236 1961 iterque
250 1893 452 1945 monstrantium
467 1892 526 1944 ritu.

170 1967 209 2014 31.
228 1962 349 2015 Tandem
370 1961 404 2013 ad
426 1960 519 2013 sedem
535 1970 716 2014 consecratam
734 1961 905 2012 deonantum
919 1969 970 2012 est.
1012 1961 1052 2012 ln·

135 2031 263 2084 credibile
276 2033 357 2112 dictu,
371 2032 439 2083 inter
451 2039 540 2083 vastas
552 2030 708 2082 solitudines
721 2031 780 2097 sita,
794 2030 910 2098 undique
929 2030 1052 2082 ambien-

136 2101 206 2154 tibus
227 2101 311 2169 ramis,
333 2117 376 2152 vtx
396 2102 421 2152 in
442 2099 554 2152 densam
575 2099 696 2152 umbram
718 2100 830 2151 cadente
846 2099 909 2167 sole,
930 2108 1052 2151 contecta

136 2181 184 2238 est,
211 2171 340 2239 multique
364 2167 459 2238 fontes,
485 2169 707 2238 dulcibusaquis
732 2170 842 2238 passim⁵
870 2170 1051 2235 manantibus,

135 2240 209 2292 alunt
233 2239 320 2292 silvas.
358 2238 441 2292 Coeli⁰
463 2253 569 2306 quoque
593 2239 660 2290 mira
684 2238 835 2310 temperies,
860 2251 944 2290 verno
969 2241 1052 2308 tepori

137 2310 252 2360 maxime
264 2307 367 2377 similis,
381 2323 474 2359 omnes
491 2308 554 2360 anni
573 2318 660 2376 partes
672 2309 729 2377 peri
747 2307 901 2360 salubritate
916 2309 1051 2377 percurrit.

137 2377 252 2430 Accolae
265 2377 336 2428 sedis
348 2375 455 2429 suntab
472 2377 572 2429 oriente
590 2379 700 2445 proximi
714 2377 886 2446 Aethiopum.
923 2379 952 2430 ln
972 2379 1052 2431 meri·

135 2447 205 2498 diem
227 2448 342 2498 versam⁷
361 2445 464 2499 Arabes
482 2456 610 2515 spectant,
633 2447 801 2517 Troglodytis
821 2457 969 2515 cognomen
993 2458 1051 2502 est:

137 2517 227 2568 horum
243 2517 312 2584 regio
326 2532 409 2586 usque
426 2519 460 2568 ad
474 2516 581 2568 rubrum
601 2534 673 2568 mare
691 2519 812 2570 excurrit.
850 2519 885 2570 At
899 2535 952 2586 qua
966 2518 1052 2586 vergit

148 2599 171 2650 ’l
186 2599 284 2684 Cyrene.
297 2637 311 2669 a
322 2621 463 2682 dourisbing
475 2621 558 2670 Greek
566 2621 661 2682 colony,
673 2623 778 2671 situated
790 2625 901 2670 between
911 2622 993 2683 Egypt
1005 2623 1053 2671 and

135 2681 176 2748 the
188 2682 299 2740 territory
310 2680 338 2728 of
351 2681 481 2748 Carthage,
494 2697 525 2729 on
542 2698 556 2730 a
572 2693 623 2741 part
640 2682 668 2730 os
680 2682 721 2730 the
737 2693 804 2730 coast
821 2682 952 2730 otherwise
968 2683 1050 2730 desert

135 2739 356 2860 an²dllllthhllllhie
371 2799 490 2848 intention
506 2799 534 2848 ol
551 2801 632 2849 visitin
667 2799 707 2848 the
724 2801 788 2848 casis
804 2799 832 2848 ot
845 2775 977 2856 Hammon,
996 2815 1051 2848 now

135 2859 225 2946 Sipah,
239 2860 264 2907 in
276 2860 316 2908 the
327 2860 407 2908 desert
420 2869 444 2906 to
456 2860 496 2907 thc
508 2871 570 2908 west
581 2859 609 2908 cf
638 2870 711 2967 ἔγρῃ

162 2919 355 3032 USffirrlpoqrgqqt
363 2927 454 2981 postea,
469 2924 476 2946 ⁴
487 2935 514 2966 as
525 2919 637 2968 afterwar
669 2956 674 2966 .

164 3044 172 3067 ⁸
185 3042 190 3062 ¹
201 3035 327 3104 ¹Scuttered
337 3036 513 3097 everywhere,’
529 3037 568 3085 ‘in
579 3037 610 3084 all
622 3038 750 3096 quarters’
784 3037 884 3085 Curtius
895 3037 1051 3096 particularly

85 3113 89 3120 ·
134 3097 340 3201 qqqnqqoknessdalcer
349 3111 431 3156 aquae,
443 3100 449 3121 ‘
458 3095 523 3143 fresh
532 3096 625 3151 waren*
636 3098 738 3144 because
746 3097 813 3144 there
822 3111 885 3146 were
893 3097 940 3144 salt
947 3106 1051 3145 streame

162 3219 170 3243 ¹
184 3212 278 3260 coelam
289 3211 309 3259 is
320 3211 377 3260 here
389 3213 430 3260 the
442 3214 604 3272 atmoephere‚
617 3214 725 3272 opposed
736 3223 761 3262 to
771 3217 855 3271 solam,
868 3215 910 3262 the
939 3213 1017 3264 round

163 3276 171 3299 ¹
184 3271 256 3318 ‘The
268 3270 349 3318 Arabe
361 3271 453 3319 intrabit
469 3272 510 3320 the
526 3282 628 3341 country
639 3288 671 3320 on
682 3273 722 3320 the
734 3274 807 3321 south
815 3273 832 3330 ;’
846 3231 961 3334 literelly‚
976 3274 1051 3322 ‘look

134 3330 239 3379 towards
248 3329 289 3377 th'e
301 3329 392 3378 south)
427 3330 479 3378 Our
487 3331 573 3379 author
583 3348 603 3379 rs
615 3347 640 3380 rn
650 3347 716 3379 error
725 3332 796 3380 when
807 3331 837 3380 he
849 3349 906 3393 says
917 3332 970 3382 that
981 3333 1051 3382 these

134 3392 215 3438 Arabe
226 3387 347 3437 extended
358 3398 384 3435 to
395 3389 436 3436 the
449 3389 502 3438 Red
514 3390 569 3438 Sea.
600 3389 639 3438 Hc
656 3407 757 3450 appears
773 3402 798 3439 to
815 3391 875 3439 have
890 3393 953 3440 been
964 3391 1051 3442 misled

134 3450 165 3506 hy
177 3449 218 3517 the
230 3447 286 3505 lact,
295 3447 347 3496 that
354 3446 422 3495 there
431 3463 495 3516 were
503 3447 553 3496 Tro
572 3449 751 3556 loupiac-that
759 3451 788 3509 is,
797 3450 910 3501 dwellers
918 3451 942 3499 in
949 3467 1052 3500 caves-

133 3507 266 3568 especrally
276 3522 308 3555 on
321 3506 362 3555 the
374 3515 436 3555 west
448 3505 499 3554 etde
511 3506 539 3554 ol
551 3517 560 3554 t
579 3523 592 3555 e
629 3508 661 3557 ed
672 3508 727 3557 Sea.
