2294 3842
136 223 196 280 πθ
404 235 444 276 us
467 234 575 278 ossrrs
596 233 782 279 suumin.

156 365 207 402 nse
218 345 320 415 accepi.
355 345 459 400 Relicto
499 353 551 398 rtur
562 343 671 414 Sopithe
683 344 708 396 in
721 359 770 398 suo
783 359 870 414 regno,
883 344 917 398 ad
937 345 1051 410 flurium

136 365 266 487 bypenn'
279 415 414 486 processit,
429 415 487 486 Hep
506 416 630 481 aestione,
644 414 689 484 qui
707 414 840 468 diversam
860 415 997 484 regionem
1009 433 1050 472 stt·

137 487 253 556 begerat,
266 485 414 554 conjuncto.
450 486 574 553 Phegeus
586 491 641 536 erat
658 485 746 552 gentis
764 486 900 554 proximae
914 502 976 538 rex:
996 487 1049 556 qui,

136 555 307 626 popularibus
315 556 372 610 suis
380 555 467 608 colere
513 572 559 622 ros,
570 563 597 608 ut
609 569 789 620 assueverant,
801 553 890 624 jussis,
899 554 1049 611 Alexandro

136 644 199 680 curn
211 627 289 679 donis
299 625 419 692 occurrit,
433 625 488 678 nihi
512 623 580 694 quod
595 623 739 692 imperaret
751 623 910 678 detrectans.

171 701 196 749 7.
221 696 338 750 Biduum
361 694 432 764 apud
456 712 518 748 enm
543 693 659 746 substitit
683 709 741 746 rex:
772 693 849 746 tertio
872 693 918 746 die
943 710 1051 752 arnnem

136 783 261 836 superare
287 766 450 834 decreverat,
475 764 584 818 transitu
612 761 750 816 difficilem
776 779 828 814 non
854 764 940 832 spatio
967 766 1050 822 solum

172 854 275 906 uarum,
296 833 343 888 sed
367 835 448 887 etiarn
471 837 541 886 saxis
561 833 730 902 impeditum.
777 831 953 886 Percontatus
973 835 1053 902 igitur

138 907 158 960 P
179 924 253 976 egea,
272 923 341 976 quse
360 903 493 958 noscenda
511 912 593 970 erant,
612 903 648 956 XI
666 901 769 956 dierum
794 901 862 954 ultra
885 904 987 956 flumen
1008 922 1053 975 per

137 988 227 1031 rastas
245 973 401 1029 solitudines
418 975 467 1026 iter
484 989 544 1026 esse
562 973 695 1042 cognoscit
704 989 712 1040 3
730 972 852 1041 excipere
864 972 964 1026 deinde
983 975 1052 1030 Gau-

136 1063 197 1116 gen,
219 1047 367 1100 maximum
392 1044 471 1096 totius
492 1043 584 1096 Indiae
607 1043 763 1096 fluminum:
790 1041 942 1103 ulteriorem
968 1043 1054 1114 ripam

137 1117 225 1170 colere
243 1126 338 1186 gentes
357 1112 522 1184 Gangaridas
541 1122 568 1165 et
588 1113 697 1182 Prasios,
714 1128 859 1181 eorumque
880 1131 971 1182 regem
993 1131 1053 1168 esse

139 1189 337 1256 Aggrammern,
360 1185 408 1238 XX
437 1183 545 1236 milibus
573 1181 693 1252 equiturn
724 1182 900 1250 ducentisque
931 1183 1053 1252 peditum

137 1255 306 1312 obsidentem
327 1255 392 1308 vias.
429 1251 470 1308 Ad
492 1253 553 1308 boc¹
571 1252 758 1323 quadrigarum
773 1251 826 1304 duo
843 1252 918 1305 milia
939 1252 1052 1322 trahere,

138 1335 166 1380 et
195 1325 366 1396 praecipuum
398 1332 523 1377 terrorem
554 1321 716 1392 elephantos,
742 1339 808 1390 quos
837 1322 918 1374 trium
948 1322 1054 1376 milium

137 1412 278 1452 numerum
304 1393 412 1462 explere
433 1392 551 1446 dicebat.
586 1390 755 1446 Incredibilia
778 1390 833 1458 regi
861 1391 953 1445 omnia
980 1391 1053 1448 vide·
1138 1405 1140 1432 r

138 1465 241 1520 beritur.
278 1465 361 1532 igitur
384 1462 479 1516 Porum
504 1462 579 1533 (narn
598 1479 660 1516 curn
682 1478 713 1514 eo
732 1464 800 1534 erat)
820 1471 999 1542 percontatur,
1020 1479 1054 1516 an

138 1551 202 1588 vers
218 1541 316 1601 essent,
336 1549 406 1600 quae
424 1531 595 1586 dicerentur?
630 1531 686 1599 Ille,
703 1531 774 1584 vires
792 1530 902 1600 quidem
921 1541 1011 1600 gentis
1027 1540 1054 1586 et
1139 1559 1140 1574 r

139 1604 212 1672 regni
224 1602 295 1656 haud
314 1601 379 1654 salso
396 1601 497 1671 jactari,
510 1601 641 1670 affirmat,
659 1611 778 1654 ceterum
797 1600 843 1670 qui
862 1610 986 1668 regnaret
1003 1619 1055 1655 uon
1138 1609 1140 1650 ἕ

138 1672 217 1728 modo
242 1671 386 1741 ignobilem
414 1689 483 1739 esse,
509 1670 557 1724 sed
582 1671 667 1724 etiarn
691 1670 802 1724 ultimae
830 1671 925 1736 sortis;
955 1671 1054 1742 quippe
1138 1709 1140 1725 .

174 1754 242 1796 trem
270 1741 330 1812 ejus
358 1749 498 1809 tonsorem,
523 1739 568 1794 rix
595 1739 688 1794 diurno
716 1749 829 1811 quaestu
855 1739 1055 1815 propulsantem
1138 1731 1140 1782 i

149 1829 238 1883 amen,
261 1821 366 1882 propter
389 1809 510 1866 habiturn
533 1809 604 1864 haud
635 1809 788 1864 indecorum
811 1808 883 1862 cordi
908 1810 993 1863 fuisse
1017 1827 1055 1864 re·
1139 1835 1140 1884 3

139 1883 226 1952 ginae.
262 1881 306 1935 Ab
318 1899 351 1934 es
362 1881 387 1934 in
400 1881 547 1952 propiorem
560 1879 626 1950 ejus,
635 1879 681 1949 qui
694 1889 752 1932 turn
766 1889 909 1948 regnasset,
919 1880 1055 1933 amicitiae
1139 1903 1140 1924 t

140 1953 227 2006 locum
240 1952 386 2019 admotum,
400 1950 538 2004 interiecto
550 1965 582 2002 eo
593 1967 641 2019 per
654 1949 769 2017 insidias,
783 1949 835 2002 sub
846 1948 937 2017 specie
955 1949 1055 2004 tutelae

141 2021 253 2078 liberum
273 2022 333 2092 eJus
350 2021 477 2074 invasisse
496 2037 615 2088 regnum,
635 2019 788 2088 necatisque
807 2019 896 2088 pueris
915 2019 997 2088 hunc,
1011 2020 1056 2088 qui
1139 2019 1140 2088 Ῐ

141 2109 212 2146 nuno
248 2091 360 2160 regnat?
387 2107 530 2158 generasse
560 2090 675 2142 invisum
705 2089 842 2159 vilemque
872 2089 1055 2160 popularibus,
1139 2095 1140 2146 3

142 2161 227 2228 magis
245 2171 371 2229 paternae
384 2159 512 2227 fortunae,
526 2175 606 2228 quarn
623 2175 696 2226 suae,
710 2175 866 2212 memorem.
902 2158 1056 2212 Affirmatio
1139 2223 1140 2230 ἵ

143 2231 200 2284 Pori
224 2230 402 2300 multiplicem
425 2229 514 2282 animo
537 2227 608 2300 regis
639 2226 767 2296 injecerat
799 2245 898 2281 curam.
943 2229 1056 2282 Hostem
1139 2285 1140 2294 ,

141 2299 289 2368 beluasque
313 2298 463 2368 spernebat,
483 2298 563 2351 situm
587 2297 703 2350 locorum
722 2306 748 2354 et
769 2298 822 2350 rim
842 2296 986 2351 fluminum
1013 2316 1056 2352 ex·
1138 2295 1140 2310 ²

143 2368 318 2436 timesoebat3
337 2366 467 2434 relegatos
485 2367 510 2420 in
529 2367 652 2420 ultimum
699 2383 749 2418 ene
768 2384 855 2420 rerum
875 2365 1058 2422 humanarum

142 2437 265 2516 persequi
288 2437 432 2488 terminum
458 2445 485 2489 et
510 2453 603 2489 eruere
629 2453 658 2487 ar
678 2453 742 2488 uum
760 2435 921 2490 videbatur.⁴
956 2439 1058 2491 Rursus

141 2516 255 2559 avaritia
271 2505 380 2573 gloriae⁵
397 2513 424 2557 et
442 2504 600 2558 insatiabilis
623 2505 719 2574 cupido
743 2504 833 2559 famae
857 2505 922 2558 nihil
943 2507 1056 2577 invium,
1138 2525 1140 2566 t

142 2576 207 2630 nihil
233 2584 362 2628 remotum
383 2573 466 2626 videri
490 2574 603 2629 sinebat.
640 2574 674 2627 Et
697 2573 833 2628 interdum
852 2574 1005 2646 dubitabat,
1022 2594 1058 2631 an
1139 2627 1140 2632 ,

143 2647 315 2711 Macedones,
334 2651 371 2698 tot
389 2646 492 2697 emensi
510 2645 595 2714 spatia
607 2652 742 2712 terrarum,
756 2643 782 2696 in
795 2645 853 2697 acie
871 2644 943 2698 etin
963 2647 1059 2700 castris

144 2733 223 2770 senes
241 2715 312 2784 lacti,
331 2731 378 2784 per
400 2714 505 2783 objecta
527 2715 646 2782 flumina,
666 2730 713 2780 per
735 2720 774 2766 tot
791 2723 900 2766 naturae
918 2715 1059 2768 obstantes

143 2786 316 2840 difficultates
330 2785 444 2838 secuturi
463 2794 566 2837 essent:
585 2782 753 2839 abundantes
772 2791 937 2853 onustusque
958 2786 1059 2855 praeda
1092 2783 1095 2790 '

144 2858 230 2924 magis
242 2867 315 2927 parta
328 2855 377 2908 frui
390 2853 467 2922 veile,
480 2871 560 2922 quam
572 2851 736 2922 acquirenda
748 2851 874 2921 fatigari.⁸
909 2855 970 2908 Non
985 2855 1059 2908 idem
1139 2863 1140 2886 ¹

144 2925 194 2978 sibi
208 2934 235 2978 et
248 2925 377 2979 militibus
388 2925 469 2978 animi
483 2940 542 2976 esse
552 2925 570 2975 :⁷
587 2939 616 2974 se
635 2921 714 2974 totius
725 2921 796 2974 orbis
808 2923 952 2992 imperium
966 2933 1059 2978 mente

147 3007 155 3010 ³
172 3031 183 3116 ζ
192 2999 694 3134 ypiprtppvrepprtsrs-callcdflffhesrshnrl
705 3001 824 3086 Hypanis.

173 3145 219 3193 'ln
232 3143 280 3214 this
291 3145 373 3192 clause
385 3145 425 3192 the
437 3143 523 3216 author
533 3143 592 3201 slips
602 3143 663 3192 srom
679 3143 721 3192 the
737 3145 839 3196 indirect
855 3146 907 3195 into
921 3147 966 3196 the
982 3149 1058 3200 direct

144 3203 709 3332 spppqlprspptqqquqldqpiqqqttqpspegqoqepisue
727 3263 773 3312 and
789 3265 860 3325 bring
877 3273 903 3314 to
920 3265 985 3328 light
1002 3281 1058 3317 men

144 3321 223 3370 exiled
235 3321 321 3369 almost
333 3329 360 3367 to
370 3320 411 3367 the
422 3320 525 3389 turrhest
538 3321 661 3383 boundery
672 3321 700 3371 of
712 3323 752 3371 the
764 3324 857 3372 world)

174 3387 183 3411 ⁸
193 3381 216 3426 A
228 3391 312 3437 strong
322 3393 476 3436 expression:
497 3379 552 3426 ‘the
564 3381 668 3442 hurning
678 3382 747 3430 thirst
758 3382 794 3452 for
804 3383 891 3451 glory.’

172 3436 280 3483 “Thau
293 3449 316 3484 to
329 3449 409 3494 weary
420 3437 568 3486 themselves
580 3441 640 3488 with
652 3442 692 3488 the
704 3453 846 3502 acquisitron
857 3440 886 3490 of
897 3457 955 3492 new
963 3444 1056 3506 boon!

173 3493 272 3541 '‘That
283 3494 315 3542 he
324 3493 372 3542 had
383 3502 424 3542 not
435 3493 477 3542 the
488 3511 556 3544 sams
566 3499 643 3548 visas
654 3515 681 3548 as
691 3500 733 3549 the
743 3499 862 3550 soldiersss
