2322 3850
471 239 562 280 uraca
582 239 621 279 tv.
964 225 1002 280 67

91 346 149 416 ipsa
165 353 260 402 autem
272 348 331 400 avis
342 348 370 402 in
382 347 500 418 proxima
512 357 582 400 turre
594 349 722 402 consedit.
760 347 829 402 lllita
847 357 905 402 erat
926 347 1003 403 turris

90 414 222 470 bitumine
240 434 274 470 ao
291 416 434 486 sulphure,¹
452 417 477 470 in
505 434 558 486 qua
583 417 633 470 alis
659 417 836 484 haerentibus,
856 419 953 471 frustra
971 435 1002 470 se

91 485 209 538 allevare
227 495 344 555 conatus,
358 504 374 538 a
386 486 619 540 circumstantibus
636 489 746 556 capitur.
785 488 869 555 Digna
883 488 1001 553 rescisa,

90 557 191 624 deque
203 565 281 608 vates
292 556 454 609 consuleret:
476 565 503 608 et
517 566 573 607 erat
586 572 635 608 non
655 557 768 609 intactae
780 575 795 608 a
808 558 1003 626 superstitione⁸

90 625 198 680 mentia
237 627 307 693 Ergo
320 625 480 694 Aristander,
494 626 538 677 cni
550 627 668 678 maxima
680 627 747 679 fides
759 625 914 694 habebatur,
929 627 1003 680 urbis

91 694 204 765 quidem
217 695 351 748 excidium
369 696 478 762 augurio
498 694 543 746 illo
562 695 703 774 portendi,³
715 705 834 749 ceterum
854 695 1000 764 pericnlum

5 763 6 766 ’
91 781 161 833 esse,
175 781 210 817 ne
223 780 269 818 rex
282 765 378 818 vulnus
395 766 543 834 acciperet:
563 775 652 834 itaqua
668 767 776 833 monuit,
790 765 899 834 nequid
913 783 944 818 eo
957 765 1002 818 die

91 835 233 903 inciperet.
270 835 327 904 llle,
352 851 513 903 quamquam
537 851 618 887 unam
643 834 736 890 urbem
760 833 818 904 sibi,
840 851 891 903 quo
916 837 1003 888 minus

92 921 205 958 securus
227 906 383 974 Aegyptum
408 905 523 971 intraret,
548 903 652 956 obstare
676 921 756 973 aegra
780 904 889 973 serebat,
913 915 1002 958 tamen

91 974 177 1044 paruit
189 975 251 1042 vati,
265 975 422 1042 signumque
435 973 554 1042 receptui
566 973 648 1025 dedit.

127 1047 172 1095 27.
191 1042 261 1095 Hinc
273 1044 378 1096 animus
389 1043 471 1094 crevit
484 1044 605 1109 obsessis,
619 1044 772 1114 egressique
786 1054 860 1112 porta
878 1044 1003 1095 receden-

92 1113 165 1166 tibus
182 1112 298 1165 inlerunt
318 1111 400 1181 signa,
414 1113 611 1166 cunctationem
631 1111 747 1166 hostiurn
768 1129 842 1166 suant
857 1112 911 1164 sore
929 1129 1003 1164 occa·

92 1184 208 1234 sionem⁴
232 1182 289 1234 rati.
326 1181 375 1234 Sed
400 1183 487 1234 acrius
507 1175 589 1250 q'uarn
608 1183 774 1236 constantius
790 1181 919 1250 proelium
939 1182 1003 1234 inie-

92 1260 169 1304 runt:
189 1251 287 1320 quippe
305 1260 334 1304 ut
346 1251 525 1305 Macedonum
539 1253 613 1320 signa
625 1253 768 1320 circumagi
781 1251 880 1319 videre,
896 1260 1003 1320 repente

5 1369 8 1384 ,
91 1322 190 1375 sistunt
213 1321 335 1389 gradum.
376 1322 491 1390 Jamque
519 1321 553 1373 ad
581 1339 670 1389 regem
696 1321 880 1391 proeliantium
904 1321 1004 1373 clamor

90 1403 257 1461 pervenerat,
277 1407 338 1442 curn
357 1390 506 1443 denuntiati
524 1392 636 1460 periculi
654 1391 724 1444 baud
743 1409 807 1444 sane
820 1407 930 1459 memor,
945 1391 1003 1442 lori-

91 1479 151 1514 cam
173 1471 272 1528 temen,
290 1477 370 1528 quarn
389 1477 444 1512 raro
463 1460 598 1530 induebat,
617 1461 712 1514 amicis
729 1460 863 1514 orantibus
881 1461 1002 1529 sumpsit,
1036 1500 1037 1503 η

92 1531 166 1582 etad
187 1531 272 1598 prima
292 1531 367 1597 signa
403 1531 513 1582 ervenit.
549 1529 606 1588 Quo
627 1542 767 1599 conspecto
787 1531 874 1584 Arabs
891 1531 1003 1599 quidam

92 1601 170 1654 Darei
184 1598 270 1668 miles,
284 1599 371 1669 majus
383 1547 485 1653 lbrtuna
497 1616 546 1652 sua
561 1599 665 1652 lacinus
675 1617 763 1668 ausus,
777 1600 894 1668 gladium
909 1601 1004 1668 clypeo

92 1679 195 1738 tegens,
209 1670 285 1738 quasi
299 1669 434 1736 transfuga
445 1669 559 1738 genibus
571 1669 640 1737 regis
657 1669 813 1722 advolvitur.
849 1670 897 1722 llle
915 1687 974 1721 assu
980 1685 1002 1720 r·

92 1757 156 1808 gere
175 1739 335 1808 supplicem,
355 1739 490 1808 recipique
517 1740 585 1792 inter
611 1755 673 1792 suos
698 1738 783 1807 jussit.
820 1742 854 1792 At
875 1739 1004 1792 barbarus

92 1809 184 1878 gladio
196 1819 304 1861 strenue
318 1809 342 1860 in
356 1808 475 1861 dextram
497 1808 630 1876 translato,
644 1809 775 1860 cervicem
796 1809 896 1877 appetit
920 1809 1002 1874 regis:

92 1880 136 1948 qui
155 1879 257 1946 exigua
274 1877 390 1946 corporis
407 1878 584 1931 declinatione
602 1876 701 1929 evitato
719 1877 783 1946 ictu,
797 1878 821 1929 in
837 1895 934 1930 vanum
948 1895 1003 1928 ma·

94 1966 154 2002 nnrn
175 1948 281 2000 barbari
308 1947 410 2016 lapsam
434 1957 557 2016 amputat
581 1946 678 2015 gladio,
697 1946 851 2000 denuntiato
875 1950 900 1998 in
929 1947 1003 2000 illum

93 2018 167 2080 diem
195 2017 322 2087 periculo,
350 2027 377 2072 ut
403 2016 579 2071 arbitrabatur
605 2018 670 2085 ipse,
698 2015 848 2070 defunctus.
885 2015 944 2083 Sed,
975 2026 1003 2068 ut

5 2117 11 2156 7
93 2087 192 2156 opinor,
205 2087 360 2141 inevitabile
378 2095 419 2140 est
437 2086 530 2140 letum.
568 2085 671 2154 Quippe
694 2085 758 2146 durn
783 2086 852 2138 inter
874 2088 1004 2154 primores

93 2157 242 2226 promptius
266 2155 384 2223 dimicat,
412 2157 507 2224 sagitta
534 2155 602 2210 ictus
628 2164 684 2207 est:
715 2171 794 2224 qnam
823 2173 869 2224 per
894 2155 1001 2212 loricam

5 2269 7 2272 .
93 2226 228 2296 adactam,
243 2234 358 2280 stantem
376 2227 400 2280 in
421 2225 530 2278 humero
549 2224 671 2278 medicus
682 2223 741 2293 ejus
753 2225 891 2294 Philippus
903 2225 1003 2278 evellit.

93 2297 227 2350 Plurimus
251 2295 349 2348 deinde
374 2296 481 2364 sanguis
506 2311 614 2349 manare
640 2295 734 2363 coepit,
753 2297 877 2348 omnibus
900 2296 1002 2363 territis,

93 2367 157 2434 quia
182 2383 241 2434 nou,
266 2382 346 2434 quarn
376 2366 430 2418 alte
460 2373 625 2434 penetrasset
649 2364 741 2433 telum,
767 2365 844 2417 lorica
869 2365 1001 2431 obstante,

93 2443 281 2503 cognoverant.
318 2435 386 2504 lpse,
400 2453 434 2487 ne
452 2435 506 2487 oris
523 2434 631 2513 quidem
651 2434 737 2486 colore
756 2445 864 2502 mumro,
877 2436 1003 2504 supprimi

17 2506 18 2512 ’
93 2505 252 2574 sanguinem
266 2513 293 2556 et
306 2505 402 2558 vulnus
413 2505 523 2571 obligari
540 2505 625 2573 jussit.
664 2505 713 2556 Diu
727 2514 789 2556 ante
801 2505 859 2573 ipsa
872 2506 947 2572 signa
959 2503 1002 2556 vel

92 2573 268 2643 dissimulato,
294 2573 337 2627 vel
360 2575 430 2626 victo
453 2573 542 2627 dolore
566 2574 731 2642 perstiterat3
755 2591 818 2626 eum
845 2591 1003 2643 suppressus

93 2645 172 2712 paulo
191 2653 253 2696 ante
273 2643 381 2712 sanguis
399 2643 602 2710 medicamento,
616 2659 668 2711 quo
687 2653 804 2695 retentus
816 2652 880 2711 erat,
894 2659 1002 2696 manare

92 2713 199 2781 longius
216 2713 312 2782 coepit,
326 2721 352 2766 et
371 2713 475 2782 vulnus,
494 2711 565 2783 quod
579 2715 697 2781 stupens⁵
708 2712 796 2766 adhuc
814 2712 1000 2767 doloremnon

5 2807 7 2812 ·
93 2792 222 2852 moverat,
237 2783 349 2850 frigente
368 2783 496 2851 sanguine
510 2779 642 2834 intumuit.
678 2781 771 2851 Linqui
790 2780 887 2843 deinde
905 2779 1001 2846 animo,

91 2865 119 2906 et
139 2853 259 2906 submitti
279 2870 349 2920 genu
369 2854 483 2922 coepit2⁸
501 2869 581 2922 quern
596 2850 708 2918 proximi
720 2858 864 2919 exceptum
877 2848 904 2902 in
916 2858 1003 2902 caetra

121 2958 265 3013 ¹Plutarch.
279 2959 302 3004 in
319 2958 356 3006 his
376 2957 416 3006 lile
433 2957 460 3008 oi
475 2955 622 3008 Alexander,
636 2971 692 3014 says
709 2954 761 3002 that
778 2954 818 3002 the
835 2953 888 3004 bird
899 2972 949 3006 was
960 2935 1002 3006 en·-

90 3013 726 3183 “¹2¹tltltthteltttttttlft2¹tttlftlu

118 3136 253 3242 'Supply‘
277 3134 388 3184 colered’
457 3193 461 3202 Ι

118 3202 128 3226 ⁴
139 3197 174 3243 ‘A
196 3195 326 3243 avourable
336 3202 490 3253 opportunity
501 3193 538 3240 for
548 3188 713 3238 themselves.'

119 3263 128 3288 ⁸
141 3255 240 3304 Vulnus
252 3263 338 3315 stupet,
352 3254 391 3300 the
402 3252 489 3299 wound
501 3251 605 3299 remains
617 3263 686 3306 open.

117 3314 193 3362 “He
211 3315 290 3373 began
307 3322 332 3359 to
348 3313 399 3359 lose
416 3311 453 3358 his
470 3309 608 3363 resolution,
622 3307 668 3356 and
684 3318 709 3356 to
725 3309 780 3358 sinlr
796 3327 859 3370 upon
870 3312 908 3359 his
921 3309 1000 3358 knee.’

90 3375 206 3422 Sabrnitti
217 3373 238 3420 is
251 3372 291 3418 the
308 3385 374 3418 sarna
386 3369 442 3416 hore
455 3385 481 3415 as
492 3385 517 3416 se
527 3369 678 3416 submittere.-
695 3387 760 3430 gerru
776 3369 817 3418 the
835 3369 1000 3416 instrumenta}

5 3461 6 3472 .
90 3433 206 3487 ablativa,
219 3430 257 3478 for
268 3431 309 3478 the
321 3430 383 3478 lanea
395 3444 446 3476 was
458 3426 498 3474 the
510 3428 662 3484 instrument,
675 3443 702 3475 or
713 3428 880 3478 intermediate
897 3437 959 3486 step,
973 3427 1000 3476 ol

5 3501 7 3536 t
90 3493 129 3540 his
139 3491 227 3552 falling
239 3503 264 3537 to
275 3490 316 3537 the
328 3487 428 3549 ground.
