2278 3846
458 249 550 292 arura
571 248 614 290 v.‘
925 235 980 292 10¹1

71 356 163 427 lapide
188 357 315 426 quadrato
339 356 424 410 solnm
451 366 561 412 stratum
585 365 633 426 est,
657 357 761 427 petiens
782 371 875 428 terrae,
900 375 981 428 quam

72 427 154 480 altam
175 426 305 496 injiciunt,
319 436 345 478 et
357 426 480 496 humoris,
495 444 545 496 quo
563 427 648 494 rigant
666 436 762 480 terras:
781 427 848 480 adso
868 444 902 480 na
915 427 979 480 vali·

71 495 118 550 das
137 495 248 548 arbores
266 496 394 548 sustinent
413 497 510 565 moles,
523 505 552 548 ut
570 497 673 565 stipites
690 513 782 550 earum
800 444 866 550 vul
881 496 980 550 cubito-

71 581 129 618 rum
152 569 271 633 spatium
289 565 461 618 crassitudine
481 574 603 634 aequent,
616 565 644 618 in
661 565 682 616 L
697 565 798 634 pedum
814 565 981 620 altitudinem

71 635 219 704 emineant,
241 634 380 702 frugiferae
404 649 490 704 aeque
513 637 572 703 sint,
590 643 619 686 ut
639 635 661 686 si
685 642 752 687 terra
772 652 820 688 sua
838 635 986 688 alerentur.'

71 704 105 756 Et
126 721 192 757 cum
215 713 332 758 vetustas
353 719 403 758 uon
427 721 506 772 opera
529 704 612 756 solum
637 720 716 756 manu
735 703 811 772 lacta„
831 704 878 757 sed
898 705 981 758 etiam

70 773 159 841 ipsam
184 781 307 826 naturam
332 773 461 842 paulatim
481 772 618 826 exedendo
641 773 771 842 perimat:
797 773 864 826 haec
886 773 979 842 moles,

89 858 142 894 nae
162 851 201 894 tot
218 841 341 895 arborum
358 841 490 896 radicibus
528 842 641 909 remitur,
655 841 773 910 tantique
785 842 899 894 nemoris
917 859 980 910 pon·

69 859 135 962 dere
157 921 268 963 onerata
287 920 335 979 est,
357 911 481 964 inviolata
519 924 590 979 urat;
614 911 713 979 quippe
732 911 779 964 XX
797 910 845 964 lati
864 911 980 979 parietes

72 980 216 1048 sustinent,
242 980 366 1034 undecim
392 981 491 1049 pedum
517 979 656 1033 intervallo
679 979 813 1048 distantes,
838 989 866 1032 ut
888 979 980 1100 procul

70 1049 224 1102 visentibus
237 1049 318 1102 silvae
331 1049 464 1102 montibus
482 1049 536 1102 suis
553 1048 692 1102 imminere
705 1049 868 1102 videantur·
906 1049 979 1118 yriee

70 1134 173 1186 regem,
196 1117 332 1187 Babylone
356 1128 518 1187 regnantem,
538 1117 588 1170 hoc
611 1134 678 1187 opus
700 1135 760 1170 esse
783 1118 905 1172 molitum
924 1134 979 1170 me·

69 1188 173 1242 moriae
191 1189 323 1256 proditum
341 1197 388 1256 est,
401 1204 490 1240 amore
508 1186 626 1258 conjugis
638 1189 757 1257 victum‚¹
769 1204 837 1256 quae
850 1185 980 1240 desiderio

70 1274 215 1310 nemorum
233 1257 410 1326 silvarumque
428 1258 456 1310 in
473 1256 664 1325 campestribus
678 1255 743 1308 locis
755 1257 840 1310 virum
852 1255 980 1324 compulit

70 1326 264 1380 amoenitatem
277 1334 385 1378 naturae
396 1343 492 1394 genere
505 1325 584 1394 hujus
595 1325 683 1394 operis
694 1325 810 1378 imitari?

107 1401 133 1447 6.
153 1396 258 1448 Diutius
280 1395 304 1448 in
325 1394 375 1448 hac
395 1395 460 1447 urbe
479 1412 560 1474 quam
582 1411 692 1463 usquam
714 1395 828 1448 constitit
850 1409 908 1448 rex:
929 1409 979 1446 nee

69 1462 123 1517 alio
145 1463 204 1516 loeo
222 1464 376 1532 disciplinae
393 1465 499 1516 militari
516 1464 602 1532 magis
618 1463 715 1516 noouit.
750 1464 823 1517 Nihil
838 1463 908 1517 urbis
920 1462 980 1532 ejus

70 1534 223 1602 corruptius
240 1533 360 1600 moribus,
377 1532 442 1586 nihil
460 1534 494 1586 ad
513 1533 650 1585 irritandas
667 1531 865 1602 illiciendasqne
884 1533 978 1586 immn-

70 1601 148 1654 dicas
166 1601 326 1670 cupiditates
345 1603 504 1654 instructius.
540 1603 647 1655 Liberos
658 1602 835 1671 conjugesque
847 1619 907 1654 cum
920 1601 978 1654 hoa

70 1672 192 1740 pitibus³
215 1680 301 1740 stupro
321 1673 390 1726 coire
411 1671 488 1722 modo
508 1672 621 1740 pretinm
641 1671 734 1738 flagitii
753 1672 837 1738 detur,
856 1680 979 1740 parentes

71 1741 215 1809 maritique
235 1741 374 1809 patiuntur.
410 1741 566 1793 Convivales
589 1740 644 1792 ludi
668 1750 720 1792 tota
743 1740 850 1794 Perside
872 1739 980 1806 regibus

70 1809 277 1878 purpuratisque
298 1809 369 1862 cordi
393 1818 460 1878 sunt,
481 1809 619 1879 Babylonii
643 1810 761 1862 maxime
785 1810 811 1862 in
831 1809 930 1876 vinum,
951 1817 979 1860 et

69 1895 142 1946 quae
156 1879 313 1932 ebrietatem
327 1890 475 1948 sequuntur,
489 1878 566 1930 effusi
580 1886 647 1930 sunt.
675 1877 844 1930 Feminarum
857 1877 979 1929 convivia

70 1949 224 2000 ineuntium
245 1948 270 2000 iu
295 1948 419 2016 principio
434 1947 575 2007 ,modestus
595 1957 635 1999 cst
660 1946 770 2010 habitus,
790 1947 852 2006 dein
873 1962 978 1998 summa

70 2034 141 2086 quae
164 2034 198 2069 ue
217 2017 335 2069 amicula
353 2026 459 2095 exuunt?
480 2016 660 2085 paulatimque
684 2014 811 2094 pudorem
832 2013 977 2084 profanant,

70 2085 105 2139 ad
132 2034 259 2140 ultimum
282 2085 375 2154 (honos
402 2085 510 2138 aurrbus
539 2085 644 2138 habitus
673 2085 735 2150 ⁵11⁴)
766 2083 819 2136 ima
842 2098 979 2152 corporum

70 2156 227 2208 velamenta
254 2153 399 2224 projiciunt.
434 2155 492 2208 Neo
519 2155 687 2206 meretricum
714 2151 763 2206 hoo
786 2151 905 2204 dedecus
928 2160 976 2220 est,

71 2226 118 2276 sed
138 2227 329 2278 matronarum⁵
346 2225 536 2292 virginumque,
555 2223 625 2292 apud
643 2239 710 2292 quas
728 2219 848 2275 comitas⁸
867 2221 979 2274 habetur

70 2294 174 2362 vulgati
201 2293 315 2362 corporis
336 2293 433 2345 vilitas.
471 2293 540 2344 Inter
563 2291 630 2344 haec
654 2291 754 2358 flagitia
777 2290 909 2344 exercitus
932 2290 977 2343 ille

70 2363 185 2416 domitor
198 2363 278 2415 Asiae
291 2379 338 2430 per
348 2363 454 2415 XXXIV
466 2361 525 2413 dies
542 2363 682 2430 saginatus,
696 2359 730 2413 ad
748 2378 780 2412 ea
797 2377 865 2429 quae
884 2377 978 2428 seque·

71 2433 170 2488 bantur
186 2431 339 2491 discrimina
359 2431 427 2484 hand
449 2431 529 2484 dubie
547 2429 658 2484 debilior
673 2429 775 2482 iuturus
792 2429 861 2498 fuity
879 2431 900 2481 si
919 2429 979 2481 lios·

71 2511 128 2554 tem
159 2501 303 2553 habuisset.
347 2501 477 2569 Ceterum,
508 2517 559 2568 quo
588 2502 675 2555 minus
704 2499 833 2552 damnum
862 2498 977 2566 sentiret,

70 2570 220 2624 identidem
256 2569 434 2622 incremento⁸
469 2569 650 2622 renovabatur.
693 2569 818 2637 Namque
847 2569 979 2636 Amyntas

71 2639 254 2693 Andromeni⁹
275 2639 310 2692 ab
333 2639 460 2708 antipatro
483 2638 663 2691 Macedonum
692 2638 811 2706 peditum
835 2650 882 2688 sex
905 2635 979 2688 milia

70 2708 201 2762 adduxit:
229 2709 252 2762 D
275 2717 412 2778 praeterea
435 2707 555 2777 ejusdem
579 2707 684 2776 generis
707 2705 826 2774 equitas:
851 2721 914 2756 oum
937 2703 979 2756 his

70 2779 117 2832 Dc
135 2778 262 2848 Thracas,
282 2777 415 2846 adjunctis
439 2776 591 2846 peditibus¹⁰
613 2793 676 2830 suae
700 2775 786 2844 gentis
808 2773 845 2824 Ill
869 2771 979 2824 milibus

100 2916 107 2937 ¹
120 2909 168 2957 See
178 2909 276 2968 Zumpt,
290 2908 363 2959 llbl.
395 2907 442 2954 We
453 2923 497 2968 say
506 2907 605 2968 merely,
620 2907 696 2954 ‘from
707 2905 760 2952 love
771 2913 797 2950 to
808 2901 846 2950 his
856 2902 950 2962 queen.¹

98 2967 450 3023 ’SeeGrnm.l375‚note3.

99 3027 289 3087 ³‘Strangerar'
302 3025 438 3086 equivalent
451 3035 474 3073 to
482 3042 525 3088 per
555 3026 611 3072 riui.

99 3091 127 3154 ‘f
137 3085 213 3168 With,
221 3096 314 3144 respect
331 3097 355 3135 to
371 3085 412 3134 the
423 3099 476 3134 ears
487 3084 514 3133 of
528 3095 538 3132 t
557 3099 570 3131 e
586 3083 670 3130 hester
681 3088 716 3136 (or
724 3094 783 3139 eyes
793 3078 821 3127 of
833 3079 874 3128 the
886 3079 979 3134 render)

70 3146 130 3235 “⁸¹3
137 3144 246 3252 XXeried
257 3199 368 3250 women?

97 3269 106 3293 ⁸
120 3267 127 3290 ⁸
137 3261 276 3310 courteous
286 3261 404 3310 conduct!

97 3321 168 3370 'For
176 3323 278 3383 sumet.

96 3385 106 3411 ⁸
120 3381 188 3439 ‘Sup
207 3378 315 3435 lement,’
331 3379 467 3429 ‘additium'
552 3435 575 3445 ..

97 3443 106 3468 ⁸
117 3395 302 3500 Suppfyfilinr:
321 3439 366 3488 end
378 3455 404 3486 as
415 3446 440 3485 to
451 3436 491 3505 the
502 3444 616 3544 qonrtrve,
627 3451 668 3484 see
682 3435 762 3486 Grani.
774 3436 788 3487 l
799 3439 835 3484 63.

90 3501 107 3528 ¹⁰
117 3497 244 3546 Peditum
256 3497 277 3544 is
288 3497 416 3546 construed
426 3497 503 3545 wrtht
521 3496 689 3558 eqningentia
700 3505 741 3544 not
752 3495 794 3545 the
804 3497 905 3544 milibus.
930 3493 977 3543 See

71 3557 153 3607 Grani.
163 3557 177 3608 l
189 3558 241 3613 rot,
254 3564 318 3604 note.
