2278 3846
477 300 478 304 =
502 283 594 324 ursan
614 283 654 324 ιν.
990 271 1025 324 81

118 395 176 464 ipse
201 392 363 445 lacrimaret.
399 391 439 445 Ob
462 389 529 445 haec
554 390 612 464 ipsa
635 394 749 446 amantis
766 393 872 446 animus
890 393 916 447 in
935 393 1030 448 sollici·

116 463 240 517 tudinem
260 462 490 532 suspicionemque
510 465 644 516 revolutus
661 471 709 532 est,
728 463 890 517 desiderium
908 465 1029 534 captivae

117 533 238 604 proiecto
250 550 266 583 a
279 531 468 584 cousuetudine
481 533 572 602 stupri'
585 542 670 586 ortum
687 550 747 585 esse
759 531 918 602 conjectans.
955 533 1030 587 Sum·

118 603 199 655 motis
219 603 299 670 igitur
310 600 422 668 arbitris,
437 618 487 652 uno
506 603 645 655 dumtaxat
663 602 769 672 Tyriote
783 612 890 672 retento,
903 603 957 672 jam
977 621 1029 656 uon

118 673 195 742 tiene,
217 671 263 724 sed
289 672 430 739 suspirans,
450 669 574 740 Videsne,
594 672 685 742 iuquit,
703 672 819 742 Tyriote,
843 671 930 726 locum
955 690 1029 727 men·
1086 736 1091 744 ¹

117 743 197 794 dacio
216 759 268 793 non
290 739 368 792 essel
386 749 516 793 tormenta
534 739 590 810 jam
610 741 654 794 hic
674 750 766 794 erunt:
786 739 833 794 sed
852 758 886 794 ne
906 753 1030 812 expecta-

118 811 345 879 veris²perdeos,
359 808 457 878 siquid
476 811 522 863 trbr
542 818 579 863 tur
599 811 669 880 regis
687 811 862 864 reverentiae³
879 820 935 864 est:
955 829 1029 881 nuru,

118 881 190 952 quod
201 889 228 932 et
241 881 307 933 scire
320 888 424 948 expeto,
435 887 461 930 et
473 894 601 950 quaerere
613 880 703 952 pudet,
714 898 796 935 ausus
807 890 847 933 est
860 888 887 933 et
899 880 1029 953 dominus,

118 961 145 1003 et
166 951 292 1020 juvenis?
328 949 377 1001 Ille
400 949 559 1018 quaestioni⁴
576 967 670 1020 corpus
688 949 790 1021 offerre,
810 950 874 1002 deos
891 957 974 1003 testes
992 953 1029 1004 in·

118 1037 225 1090 vocare,
238 1029 310 1072 caste
329 1027 473 1088 sancteque
492 1017 610 1073 habitam
627 1037 687 1073 esse
705 1021 833 1090 reginam.
868 1019 988 1074 Tandem
1001 1031 1030 1074 ut

118 1089 188 1143 fides
201 1089 272 1141 lacta
284 1097 333 1158 est,
347 1101 408 1139 vera
421 1105 480 1142 esse
492 1105 561 1160 quae
580 1090 724 1143 affirmaret
742 1089 831 1160 spado,
844 1089 930 1157 capite
943 1089 1030 1142 velato

118 1160 167 1212 diu
186 1159 268 1228 flevit,
288 1156 510 1228 manantibusque
530 1159 619 1212 adhuc
639 1159 764 1230 lacrimis,
777 1167 853 1212 veste
874 1157 907 1210 ab
928 1175 972 1210 ore
991 1177 1029 1212 re·

117 1230 199 1300 jecta,
224 1229 257 1280 ad
285 1227 389 1280 coelum
415 1245 511 1280 manus
535 1229 654 1299 tendens,
682 1229 724 1284 Dii
751 1229 834 1300 patrii,
860 1228 952 1296 inquit,
979 1229 1030 1298 pri·

117 1316 197 1352 mum
215 1297 281 1351 mihi
300 1297 417 1350 stabilite
436 1315 562 1367 regnum:
581 1297 688 1370 deinde,
702 1295 724 1352 si
737 1299 770 1352 de
783 1317 831 1352 me
845 1298 902 1368 jam
915 1307 1030 1352 transac-

118 1378 179 1422 tum
191 1377 240 1437 est,
254 1383 353 1438 precor,
367 1383 400 1419 ue
412 1367 473 1436 quis
484 1367 572 1437 potius
589 1368 670 1422 Asiae
690 1385 737 1422 rex
755 1369 795 1440 sit,
809 1385 890 1439 quam
911 1367 960 1422 iste
974 1377 1029 1422 tam

115 1440 207 1509 justus
219 1437 310 1506 hostis,
323 1444 380 1488 tam
391 1437 539 1489 misericors
551 1439 642 1491 victor.

153 1512 196 1560 43.
216 1507 308 1576 ltaque
332 1521 503 1577 quamquam,
522 1506 618 1560 frustra
641 1525 707 1578 paco
725 1507 767 1562 bis
784 1507 876 1578 petita,
895 1507 983 1560 omnia
1002 1509 1027 1562 in
1059 1509 1061 1512 ’

117 1577 222 1632 bellurn
234 1575 345 1629 consilia
360 1586 531 1647 converterat,
545 1579 632 1631 victus
650 1588 739 1631 tamen
755 1578 918 1631 continentia
936 1577 1027 1648 hostis,

116 1647 150 1700 ad
174 1663 257 1699 novas
274 1646 348 1715 pacis
367 1645 536 1700 condiciones
555 1647 679 1703 serendas
698 1647 793 1700 decem
812 1647 919 1716 legatos,
933 1664 1028 1716 cogna-

116 1727 206 1770 torum
225 1716 365 1786 principes,
384 1714 473 1768 misit:
498 1733 565 1786 quos
582 1717 741 1786 Alexander,
763 1717 871 1769 consilio
889 1717 1026 1788 advocato,

116 1785 249 1840 introduci
266 1785 351 1854 jussit.
389 1785 411 1837 E
429 1785 526 1855 quibus
549 1785 681 1839 maximus
698 1795 769 1856 natu,
789 1787 913 1857 Dareum,
932 1786 1026 1857 inquit,

117 1867 146 1910 ut
174 1872 270 1926 pacem
288 1869 305 1906 a
322 1862 349 1906 te
374 1853 429 1924 jam
456 1855 506 1907 hoc
531 1857 619 1908 tertio⁵
635 1863 745 1924 peteret,
765 1854 837 1908 nulla
855 1857 896 1908 vis
914 1856 1026 1926 subegit,

114 1925 166 1990 sed
192 1924 294 1995 justitia
320 1932 347 1976 et
373 1924 533 1977 continentia
560 1924 697 1994 expressit.
733 1925 857 1993 Matrem,
877 1924 1026 1994 conjugem,

112 1995 216 2050 liberos
235 1993 300 2063 ejus,
315 1993 363 2046 nisi
382 1993 450 2064 quod
470 1995 527 2047 sine
545 1991 589 2046 illo
608 2002 675 2063 sunt,
689 2002 781 2062 captos
799 2011 857 2046 esee
876 2011 925 2046 non
945 1995 1028 2046 sensi·

115 2082 196 2119 mus:
216 2062 360 2133 pudicitiae
378 2081 562 2134 eorumquae
581 2071 729 2134 supersunt,
749 2079 838 2116 curam
859 2063 930 2116 haud
948 2079 1028 2118 secus

114 2153 200 2206 quam
219 2149 315 2202 parens
332 2150 421 2202 agens,
435 2134 541 2202 reginas
558 2133 683 2203 appellas,
698 2133 818 2202 speciem
834 2133 960 2203 pristinae
977 2133 1027 2186 ior·

114 2216 199 2258 tunae
225 2203 336 2255 retinere
360 2203 467 2272 pateris.
503 2203 611 2258 Vultum
638 2212 712 2256 tuum
731 2203 818 2272 video,
837 2203 923 2272 qualis
946 2203 1025 2257 Darei

114 2273 176 2344 suit,
196 2290 259 2326 curn
284 2271 480 2325 dimitteremur
502 2272 538 2325 ab
561 2289 607 2326 eo:
632 2281 658 2326 et
682 2273 727 2326 ille
752 2281 840 2326 tamen
862 2291 978 2342 uxorem,
998 2277 1026 2328 tu

113 2344 223 2398 hostem
241 2343 326 2410 luges.
362 2343 423 2396 lam
441 2343 467 2394 in
486 2343 544 2395 acie
569 2353 659 2413 stares,
679 2343 729 2396 nisi
748 2361 811 2396 cura
831 2351 856 2395 te
875 2344 1026 2413 sepulturae

114 2413 176 2484 ejus
195 2421 349 2466 moraretur.
386 2410 489 2492 Ecquid
512 2413 611 2466 mirum
634 2423 682 2482 est,
702 2413 723 2466 si
743 2422 797 2466 tarn
815 2411 850 2465 ab
867 2414 953 2465 amico
971 2413 1026 2466 ani·

113 2483 171 2537 m0⁶
183 2499 280 2554 pacem
292 2480 379 2550 petiit
398 2481 459 2550 quid
473 2498 540 2552 opus
559 2491 599 2535 est
611 2483 700 2552 armis,
720 2482 786 2534 inter
804 2499 869 2552 quos
886 2481 947 2534 odia
965 2482 1026 2535 sub·

112 2553 170 2608 lata
183 2551 264 2606 suut‘i
301 2552 390 2603 Antea
408 2551 518 2620 imperio
538 2561 582 2605 tuo
594 2552 677 2606 finem
697 2551 848 2605 destinabat
859 2550 957 2620 Halym
969 2569 1026 2604 aru·

112 2642 188 2692 nem,
201 2624 246 2694 qui
259 2620 372 2689 Lydiam
386 2621 518 2674 terminat.
553 2623 579 2676 N
581 2639 639 2692 unc,
652 2621 778 2692 quicquid
791 2621 860 2674 inter
872 2621 1027 2690 Hellespon·

144 2765 151 2788 ¹
163 2758 253 2806 ‘Illicit
265 2757 430 2806 intercourse!

141 2823 169 2849 ⁹¹
180 2817 218 2866 Do
231 2828 273 2865 not
285 2817 342 2864 wait
354 2815 390 2864 for
401 2816 449 2864 this
460 2815 476 2873 ;’
489 2814 595 2876 namcly‚
608 2816 650 2863 the
661 2815 807 2874 application
817 2811 846 2862 os
852 2821 951 2860 tortura.
978 2813 1027 2862 For

112 2896 144 2926 ne
154 2877 216 2925 with
228 2876 270 2924 the
281 2875 372 2936 perfect
384 2875 545 2932 sub'unctive,
558 2891 600 2923 sce
613 2875 711 2933 Zumpt,
725 2874 738 2926 b
750 2875 803 2920 586.

142 2937 192 2986 ’Si
201 2939 260 2998 quid
271 2937 414 2983 reverentius
424 2891 459 2984 lbr
470 2937 493 2983 si
499 2951 549 3003 que
560 2935 699 2982 reuerentia.
732 2933 778 2980 See
792 2931 872 3002 Gratti.
885 2931 961 2999 h,275‚
976 2939 1015 2988 (a).

141 3002 150 3026 ⁴
162 3001 168 3024 ‘
179 2995 218 3044 To
229 2996 271 3042 the
280 2995 392 3054 question
400 2997 416 3052 ;’
435 2994 485 3042 that
498 3010 527 3049 rs,
540 3003 565 3040 to
577 2993 618 3041 the
630 3001 721 3039 tortura
733 2997 878 3047 (tormentae).

143 3063 152 3088 ⁸
162 3060 169 3083 ⁸
179 3055 205 3103 N
207 3071 246 3104 ow
257 3054 294 3102 for
305 3053 346 3101 the
358 3053 420 3102 third
431 3053 509 3107 time‚'
543 3051 598 3100 The
615 3049 723 3099 numeral
739 3049 841 3098 adverbs
857 3051 881 3098 in
892 3069 912 3108 o,
926 3053 1024 3112 equive·

112 3115 164 3164 lent
177 3124 201 3162 to
214 3114 283 3162 those
295 3113 319 3160 in
330 3129 377 3168 scm,
391 3128 430 3160 are
442 3110 518 3170 really
529 3121 626 3158 neuter·
637 3109 666 3157 of
677 3109 722 3157 the'
730 3108 823 3157 ordinsl
834 3111 965 3168 numerals,
979 3111 1026 3161 sud

111 3189 171 3234 may
182 3173 240 3221 take
252 3187 384 3279 apronoun
403 3172 427 3220 in
444 3170 485 3218 the
505 3185 572 3218 same
589 3176 644 3217 cese
661 3173 701 3217 hoc
710 3167 756 3216 and
768 3171 818 3226 illu,
831 3185 857 3218 or
867 3171 904 3218 sor
915 3171 984 3218 those
1000 3171 1025 3219 iu

111 3251 162 3288 um,
175 3236 222 3288 hoc,
235 3247 265 3279 an
293 3233 501 3290 illcd,toexpress
514 3229 591 3278 ‘now’
605 3227 652 3276 and
665 3227 755 3276 ‘then’
783 3229 902 3290 Compare
912 3245 935 3278 x.
947 3233 983 3284 14,
994 3233 1023 3288 3;

112 3292 161 3340 and
172 3307 214 3339 see
229 3291 309 3338 Gram.
322 3289 335 3342 t
348 3293 399 3345 109.
414 3299 470 3336 uote
483 3292 504 3335 1.

141 3351 266 3406 'Amicum
277 3349 369 3410 though
377 3347 513 3405 commonly
524 3345 584 3396 used
596 3362 622 3394 as
631 3347 812 3405 esubstantive,
825 3349 846 3397 is
857 3346 967 3408 originali
994 3363 1025 3396 an

112 3408 347 3471 adjectireasbers.
375 3405 636 3474 (SceZurnt,l410).
667 3405 752 3456 Tamis
761 3408 818 3456 bers
827 3405 953 3466 separated
1000 3423 1026 3458 m

112 3468 297 3578 tbe3a⁵djectiva
309 3467 389 3518 which
400 3467 418 3516 it
430 3421 548 3528 qualrfibs.
581 3465 700 3526 Compare
711 3481 726 3515 a
736 3466 829 3516 similar
839 3481 894 3513 case
905 3464 933 3513 ol
944 3481 1022 3526 quara,

112 3543 146 3578 ιν.
190 3563 196 3576 .
