2274 3844
155 199 210 252 lou
419 212 459 250 ua
483 211 588 252 auseis
609 211 793 250 auexinuiu.

149 321 282 390 adipsum
296 337 329 372 su
346 320 460 390 pressitl
495 320 570 378 Quod
590 335 641 372 non
659 319 741 372 fuisse
752 335 859 386 nauum,
873 315 963 370 Dimui
975 313 1069 392 exitus

149 391 273 442 declarat.
322 337 453 442 llicertam
484 407 537 441 rem
569 388 694 440 deserens
723 397 854 440 tormenta
888 402 941 438 uon
974 385 1069 436 timuit

149 459 299 524 Cebalinus,
320 459 425 512 Metron
449 477 482 510 ne
502 467 667 510 momentum
686 458 795 527 quidem
816 458 944 522 temporis
962 451 1069 504 distulit

148 545 291 579 exonerare
311 545 348 596 se,
362 537 390 580 ut
408 545 447 596 eo,
468 529 512 580 ubi
533 527 645 594 lavabar,
665 528 835 596 irrumperet:
856 524 975 576 Philotas
992 521 1069 574 solus

149 595 212 649 nihil
238 596 333 664 timuit,
356 596 421 648 nihil
446 597 565 649 credidit.
601 596 736 664 Omagni
758 594 841 647 animi
864 591 973 645 virum!
1014 591 1068 642 lste

149 667 217 733 regis
244 665 362 735 periculo
391 658 619 740 commoveretur!
651 665 753 718 vultum
781 661 912 720 mutaret!
948 659 1068 738 indicem

148 743 237 786 tantae
267 737 304 788 rei
333 735 461 792 sollicitus
490 735 625 788 audiretl¹
666 735 761 786 Subest
790 733 928 786 nimirum²
960 731 1068 782 silentio

149 803 260 872 lacinus,
274 813 300 856 et
313 805 392 857 avida
410 821 471 873 spes
489 805 560 872 regni
575 804 744 874 praecipitem
758 804 878 856 animum
891 803 925 852 ad
939 800 1069 852 ultimum

148 873 224 925 nelas
247 873 360 943 impulit.
402 875 479 926 Pater
502 873 612 926 Mediae
636 883 748 943 praeest.
785 873 846 942 lpse
870 869 942 949 apud
967 869 1070 920 multos

147 944 282 1012 oopiartim
311 943 396 996 duces
424 943 494 995 meis
522 952 679 1012 praepotens
708 942 814 1010 viribus,
843 958 952 1009 majora,
983 955 1069 1008 quam

149 1013 228 1081 capit,
250 1014 351 1082 spirat.³
385 1011 490 1065 Orbitas
507 1029 611 1080 quoque
629 1029 698 1081 mea,
718 1011 786 1080 quod
807 1011 865 1062 sine
884 1009 977 1061 liberis
995 1025 1069 1074 sum,

148 1083 287 1152 spernitur.
323 1082 373 1134 Sed
399 1091 467 1133 errat
491 1081 616 1134 Philotas.
653 1082 682 1133 ln
707 1081 781 1134 vobis
801 1080 906 1147 liberos,
928 1085 1068 1146 parentes,

147 1152 357 1218 consanguineos
369 1151 470 1204 habeo:
489 1151 564 1203 vohis
576 1151 663 1218 salvis,
677 1150 756 1202 orbus
768 1167 827 1202 esse
839 1166 890 1200 riou
905 1165 1027 1218 possum.

183 1227 224 1273 34.
245 1221 391 1288 Epistulam
410 1221 507 1272 deinde
528 1220 707 1273 Parmenionis
726 1221 909 1286 interceptam,
927 1234 1014 1285 quam
1034 1215 1069 1267 ad

148 1290 216 1345 filios
235 1291 394 1342 Nicanorem
414 1300 440 1341 et
460 1289 592 1342 Philotam
611 1290 758 1358 scripserat,
780 1289 881 1356 recitat,
903 1287 976 1338 haud
1002 1301 1069 1338 sane

148 1359 274 1412 indicium
298 1359 425 1427 gravioris
447 1359 549 1410 consilii
573 1359 775 1428 praeferentem.
811 1357 938 1425 Namque
958 1370 1070 1420 summa

148 1427 207 1497 ejus
226 1429 381 1480 haeserat:
404 1425 522 1480 Primum
542 1427 621 1480 vestri
641 1444 731 1479 euram
749 1427 827 1494 agite,
846 1426 946 1478 deinde
967 1434 1070 1476 restro·

149 1513 221 1549 rum:
243 1497 282 1549 sic
305 1497 378 1548 enim
401 1515 471 1566 quae
494 1498 686 1550 destinavimus
705 1495 863 1548 efficiemus.
902 1495 1069 1564 Adjecitque

149 1583 202 1633 rex,
216 1566 255 1618 sic
273 1583 332 1618 esse
350 1566 483 1635 scriptam,
497 1577 524 1619 ut
537 1569 594 1618 sive
606 1567 640 1618 ad
653 1566 720 1619 lilios
732 1566 904 1634 pervenisset,
919 1582 936 1616 a
949 1565 1069 1616 consciis

147 1645 237 1703 posset
261 1635 381 1704 intelligi,
403 1637 458 1687 sive
483 1637 627 1706 intercepta
651 1646 728 1702 esset,
750 1634 854 1686 falleret
878 1636 995 1700 ignaros.
1033 1637 1069 1686 At

147 1705 219 1757 enim
239 1705 357 1774 Dimnus,
371 1723 433 1758 oiim
451 1715 554 1758 ceteros
572 1705 713 1775 participes
731 1704 840 1756 sceleris
851 1703 992 1772 indicaret,
1007 1705 1068 1756 Phi·

148 1773 228 1833 lotam
248 1791 297 1826 nou
319 1774 480 1828 nominarit!
518 1776 574 1827 Hoc
593 1773 703 1844 quidem
723 1773 794 1826 illius
814 1790 865 1826 nou
887 1775 1067 1840 innocentiae,

147 1844 194 1895 sed
208 1845 341 1912 potentiae
359 1843 487 1897 indicium
506 1855 554 1914 est,
567 1844 636 1914 quod
655 1845 694 1896 sic
712 1843 796 1896 abiis
815 1843 925 1896 timetur
944 1844 1038 1911 etiam,
1051 1860 1068 1894 a

147 1913 245 1981 quibus
266 1913 339 1983 prodi
358 1923 451 1984 potest,
473 1923 509 1983 ut,
530 1931 591 1966 oum
611 1913 645 1966 de
665 1930 694 1966 se
715 1914 855 1981 fateantur,
872 1912 951 1965 illum
975 1923 1066 1966 tamen

146 1982 243 2036 celent.
280 1985 403 2036 Ceterum
424 1983 553 2036 Philotam
577 1983 658 2062 ipsius
674 1981 772 2036 indicat
793 1983 854 2035 vita.
892 1981 944 2034 Hic
963 1985 1066 2051 Amyn·

148 2061 199 2121 tae,
219 2053 264 2122 qui
283 2053 350 2105 mihi
367 2053 538 2106 consobrinus
555 2053 616 2104 luit⁴
634 2061 661 2104 et
678 2053 703 2104 iu
723 2052 884 2106 Macedonia
900 2051 985 2121 capiti
1005 2069 1066 2106 iueo

147 2122 243 2190 impias
255 2121 417 2191 compararit
436 2121 551 2190 insidias,
564 2121 663 2174 socium
683 2138 713 2174 se
731 2130 757 2173 et
777 2123 911 2174 conscium
932 2121 1064 2191 adjunxit.

149 2191 197 2242 llic
221 2191 317 2259 Attalo,
339 2207 391 2259 qno
414 2191 561 2258 graviorem
585 2190 724 2244 inimicum
743 2205 795 2244 non
819 2191 923 2260 hahui,⁶
947 2208 1066 2244 sororem

147 2275 223 2310 suam
245 2260 270 2310 in
292 2260 486 2312 matrimonium
507 2259 590 2312 dedit.
627 2260 683 2328 llic,
700 2278 760 2314 oum
781 2260 951 2330 scripsissem
973 2262 1000 2314 ei
1021 2278 1065 2330 pro

145 2327 204 2396 jure
226 2337 279 2378 tarn
300 2329 438 2379 familiaris
458 2346 522 2381 usus
541 2338 622 2397 atque
641 2330 784 2399 amicitiae,
806 2330 892 2398 qualis
912 2347 971 2384 sors
992 2331 1066 2384 edita

146 2404 218 2448 esset
241 2397 315 2449 loris
337 2397 494 2450 Hammonis
520 2398 634 2468 oraculo,
659 2399 780 2452 sustinuit
811 2400 958 2454 rescribere
989 2400 1063 2468 mihi,

146 2481 175 2518 ee
199 2465 310 2534 quidem
333 2466 466 2535 gratulari,
491 2465 560 2536 quod
586 2468 612 2520 iri
636 2484 777 2522 numerum
802 2468 915 2522 deorum
939 2482 1065 2542 receptus

165 2620 183 2682 ,¹
196 2613 251 2704 ‘Ple
266 2613 354 2662 should
364 2615 394 2662 be
406 2615 501 2671 mored,
514 2615 607 2678 change
623 2616 661 2664 his
677 2627 850 2674 onunteuance,
863 2617 937 2666 listen
949 2621 1011 2668 with
1022 2637 1064 2670 an-

146 2673 412 2805 xrptpmpppgrrppie,
423 2673 577 2804 dxhldhation
587 2733 615 2803 of
626 2729 667 2782 the
679 2746 774 2786 matter.

176 2799 184 2822 ²
196 2796 232 2862 Aa
243 2794 284 2841 the
296 2809 361 2842 noun
371 2803 471 2856 spirituo
483 2810 503 2842 is
514 2805 654 2842 sometimes
665 2795 725 2844 used
737 2805 762 2842 to
773 2810 872 2856 express
883 2795 945 2856 losiy
957 2796 1005 2846 aud
1017 2795 1062 2846 lar·

146 2853 259 2914 reaching
270 2853 354 2912 hopes,
367 2866 395 2901 so
406 2854 462 2900 here
474 2853 515 2901 the
526 2856 592 2900 verb.
948 2889 951 2894 .

176 2913 258 2960 ‘This
270 2914 401 2972 Amyntas,
415 2913 455 2980 the
466 2929 509 2960 son
520 2913 548 2980 of
562 2912 698 2968 Perdiccas,
711 2928 762 2960 was
773 2912 867 2972 properl
897 2914 1062 2965 Alexander’s

140 2971 341 3037 froterpotrueli's
350 2988 367 3039 ,ᾗ
375 2973 425 3039 that
436 2988 464 3026 is,
476 2972 537 3040 their
546 2969 637 3039 lothere
646 2973 835 3020 werebrothers.
880 2976 1011 3029 orisohrini,
1023 2991 1061 3023 ao·

146 3027 244 3096 cording
253 3039 277 3076 to
287 3029 326 3076 the
334 3031 434 3090 original
441 3030 619 3098 applicationes
627 3029 666 3077 the
676 3031 750 3086 word,
760 3047 800 3078 are
810 3031 850 3078 the
859 3047 917 3080 sous
925 3031 953 3078 ol
961 3033 1060 3092 sisters;

146 3099 164 3136 rt
176 3087 251 3140 often,
264 3087 386 3144 however,
399 3105 527 3147 expresses
538 3103 747 3148 cousins-german
762 3090 895 3151 generally.
928 3091 986 3140 The
1001 3093 1061 3142 oliil·

146 3146 205 3194 dren
216 3144 243 3192 of
255 3149 386 3194 consobrini
396 3164 436 3194 are
447 3149 536 3206 sohmni
546 3159 571 3194 to
582 3148 640 3196 each
652 3149 728 3196 other.

176 3203 303 3270 'Because
316 3205 416 3271 Attalus
428 3223 478 3274 was
490 3206 530 3254 the
543 3206 612 3254 uncle
628 3205 656 3254 of
669 3207 807 3267 Cleopatra,
820 3209 902 3258 whom
915 3209 998 3270 Philip
1014 3210 1063 3260 had

146 3260 1062 3386 saffris'‘rtrulsllltl‘tallilla’lllllltzllhllllltl

145 3379 285 3445 suocession
297 3379 373 3444 rothe
385 3393 542 3438 goverument
552 3383 580 3430 ol
593 3383 721 3442 Macedon,
735 3386 782 3434 and
792 3395 817 3434 to
827 3401 913 3434 secure
926 3388 968 3436 tlie
979 3403 1062 3437 orown

144 3436 181 3484 lor
192 3437 232 3483 the
243 3435 327 3484 sonos
338 3435 376 3483 his
387 3437 462 3486 uieoe.
