2322 3850
488 243 579 284 arasa
599 245 641 284 ιιι.
977 225 1017 283 tt

109 350 195 404 uitur:
214 349 362 418 insignibus
377 366 482 420 quaqua
499 352 611 420 imperii,
625 371 658 404 ne
676 352 765 422 sugam
783 351 930 424 proderent,
943 349 1017 404 iuda-

108 435 170 472 core
188 419 311 488 abjectis.
347 420 414 474 Tum
439 437 500 472 vero
523 421 606 472 ceteri
630 422 787 491 dissipantur
807 431 888 489 metu,
907 429 934 473 at
952 421 1016 489 (ιιιιΙ

105 491 207 558 cuique
219 487 253 541 ad
267 489 356 556 sugam
369 489 475 558 patebat
488 491 538 558 via,
551 501 700 560 erumpunt,
712 509 786 544 arma
796 491 934 561 jacientes,
946 507 1016 558 quae

108 559 189 628 paulo
206 567 268 610 ante
286 557 320 610 ad
340 559 450 612 tutelam
475 576 611 628 corpomm
636 573 817 630 sumpserant:
842 560 910 612 adeo
935 577 1017 630 paror

109 629 193 680 etiarn
212 627 312 680 auxilia
333 627 463 680 formidat.
500 629 616 682 laetabat
635 629 797 696 fugientibus
817 647 900 699 eques
918 646 935 680 a
956 629 1016 682 Par·

109 699 234 750 menione
247 697 353 766 missus,
367 707 393 749 et
406 698 471 750 forte
491 699 516 750 in
535 698 600 750 illud
619 715 698 750 cornu
711 715 803 750 omues
821 698 883 766 luga
898 697 1017 750 abstule-

111 776 158 820 rat.
194 769 229 819 At
254 769 279 819 in
310 767 401 819 dextro
428 768 524 819 Persae
548 767 692 820 Thessalos
715 769 820 836 equites
844 767 1016 820 vehementer

110 835 247 904 urgebant.
283 836 397 904 Jamque
423 853 476 888 uua
499 835 541 888 ala
567 838 621 906 ipso
647 838 748 906 impetu
766 836 926 906 proculcata*
943 847 1015 888 erat:

110 923 174 958 curn
192 904 321 970 Thessali,
340 916 444 958 strenue
468 905 635 958 circumactis
657 907 735 973 equis
757 905 860 974 dilapsi,
880 923 966 958 rursus
990 907 1016 958 ιιι

130 975 240 1028 roelium
255 975 371 1042 redeunt,
382 991 536 1044 sparsosque
549 987 576 1028 et
589 976 773 1044 incompositos
783 975 907 1027 victoriae
919 976 1017 1027 fiducia

110 993 238 1097 barbaros
250 1044 350 1111 ingenti
361 1044 444 1096 caede
462 1053 635 1114 prosternunt.
672 1044 740 1114 Equi
752 1045 850 1114 pariter
861 1047 1016 1113 equitesque

112 1115 253 1167 Persarum
274 1113 343 1166 serie
362 1113 530 1166 laminarum³
547 1131 649 1182 graves,
668 1131 773 1182 agmen,
792 1111 863 1184 quod
880 1113 1017 1166 celeritate

112 1184 231 1236 maxime
258 1196 366 1250 constat,
385 1199 464 1251 aegre
491 1183 665 1238 moliebantur
674 1187 692 1236 :⁴
717 1184 816 1254 quippe
839 1183 866 1236 in
889 1183 1017 1236 circuma-

111 1252 208 1322 gendis
219 1253 295 1320 equis
307 1247 362 1304 suis
372 1251 493 1304 Thessali
505 1253 605 1306 multos
615 1262 817 1322 occupaverant.

146 1327 190 1384 28,
209 1322 267 1374 Hac
293 1331 346 1374 tam
372 1339 493 1390 prospera
517 1339 605 1392 pugna
630 1324 756 1394 nuntiata,
782 1321 941 1392 Alexander,
966 1338 1016 1375 non

111 1401 174 1445 ante
193 1408 273 1443 ausus
290 1395 412 1460 persequi
430 1390 561 1460 barbaros,
581 1392 712 1462 utrimque
729 1392 783 1462 jam
803 1392 902 1444 victore
919 1393 1017 1444 instare

112 1461 277 1530 fugientibus
288 1461 384 1530 coepit.
419 1459 495 1512 Haud
508 1461 623 1530 amplius
635 1477 722 1530 regem
735 1479 817 1532 quam
829 1462 902 1515 milla
915 1462 1018 1532 equites

112 1531 301 1600 sequebantur,
320 1547 383 1583 cum
408 1530 500 1600 ingens
524 1530 664 1583 multitudo
682 1530 796 1584 hostium
814 1531 929 1584 caderet.
966 1529 1017 1584 Sed

111 1603 173 1671 quia
185 1609 231 1652 aut
243 1600 269 1652 in
283 1600 397 1667 victoria,
410 1610 457 1652 aut
469 1599 570 1671 insuga
581 1601 671 1670 copias
688 1601 828 1654 numerati
863 1600 1018 1670 Agebantur

112 1687 176 1739 ergo
189 1687 204 1720 a
216 1678 271 1722 tam
284 1669 376 1738 paucis
387 1686 510 1738 pecorum
524 1669 610 1737 medo,
620 1679 646 1721 et
659 1669 732 1722 idem
743 1680 840 1740 metus,
849 1673 895 1740 qui
907 1671 1018 1740 cogebat

112 1740 214 1808 lugere,
234 1737 366 1807 fugientes
383 1738 540 1792 morabatur.
577 1743 612 1791 At
630 1739 732 1817 Graeci,
751 1739 797 1809 qui
816 1742 842 1793 iu
864 1741 942 1792 Darei
961 1757 1018 1810 par·

112 1810 186 1863 tibus
204 1817 338 1877 steterant,
352 1810 469 1878 Amynta
486 1807 555 1860 duce
570 1809 684 1878 (praetor
701 1807 745 1862 hrc
761 1809 905 1862 Alexandri
924 1807 1017 1878 suerat,

112 1889 177 1934 tunc
202 1878 356 1948 transfuga),
380 1877 483 1946 abrupti
507 1896 522 1928 a
547 1878 651 1946 ceteris,
673 1877 745 1930 haud
768 1895 832 1930 sane
856 1877 1019 1946 fugientibus

112 1949 216 2002 similes
239 1956 386 2002 evaserant.
422 1947 528 2000 Barbari
558 1946 635 2014 longe
664 1946 796 2000 diversam
821 1946 912 2014 sugam
937 1948 1019 2000 inten-

112 2019 227 2071 derunt:
247 2018 299 2086 alii,
319 2034 371 2086 qua
392 2027 491 2069 rectum
511 2017 561 2069 iter
578 2018 605 2068 in
624 2016 759 2070 Persidem
777 2016 899 2084 ducebat,
912 2017 1019 2085 quidam

112 2089 227 2142 circuitu
250 2104 329 2156 rupes
352 2085 485 2155 saltusque
510 2086 639 2139 montium
657 2086 774 2139 occultos
794 2085 921 2156 petivere,
940 2087 1019 2156 pauci

112 2168 202 2212 castra
225 2157 311 2210 Darei.
347 2155 397 2208 Sed
421 2154 476 2224 jam
494 2155 539 2208 illa
562 2172 665 2224 quoque
684 2156 766 2208 victor
783 2155 929 2224 intraverat,
948 2157 1019 2210 omni

113 2225 226 2297 quidem
255 2225 389 2294 opulentia
418 2225 491 2276 ditia.
528 2225 623 2292 lugens
649 2225 705 2277 auri
728 2226 883 2293 argentique
906 2226 1017 2296 pondus,

113 2314 166 2350 non
198 2295 270 2364 belli,
300 2295 346 2347 sed
377 2293 497 2348 luxuriae
525 2305 688 2363 apparatum,
719 2295 880 2364 diripuerant
910 2295 1018 2348 milites.

113 2367 237 2436 Cumque
256 2365 314 2434 plus
332 2372 459 2432 raperent,
473 2366 570 2432 passim
590 2374 671 2416 strata
688 2375 762 2417 emnt
780 2366 872 2417 itinera
884 2365 1020 2419 vilioribus

114 2437 233 2503 sarcinis,
253 2451 319 2502 quas
338 2433 363 2485 in
383 2433 577 2502 comparatione
597 2434 735 2487 meliorum
755 2435 866 2487 avaritia
885 2442 1019 2504 contemp-

114 2515 193 2557 serat.
230 2504 343 2571 Jamque
368 2501 402 2554 ad
427 2501 542 2556 feminas
567 2513 724 2572 perventum
752 2513 815 2572 erat,
841 2505 939 2573 quibus
967 2521 1020 2574 quc

114 2576 215 2627 cariora
238 2580 391 2624 ornamenta
414 2581 482 2641 sunt,
501 2573 640 2624 violentius
663 2571 868 2626 detrahebantur
875 2591 883 2642 3
907 2589 941 2625 ne
964 2590 1020 2626 eor·

115 2644 222 2714 poribus
251 2642 357 2710 quidem
388 2641 428 2692 via
451 2659 483 2694 ac
512 2641 593 2694 libido
616 2642 750 2712 parcebat.
788 2643 882 2696 Omnia
912 2641 1020 2712 planctu

114 2713 292 2780 tumultuque,
306 2720 380 2779 prout
399 2711 495 2780 cuique
513 2711 616 2764 fortuna
634 2720 698 2781 erat,
711 2712 885 2782 repleverant,
898 2728 948 2764 nec
966 2711 1020 2763 ulla

114 2782 199 2835 iacies
211 2781 272 2833 mali
285 2781 383 2847 deerat,
396 2796 457 2833 eum
470 2797 517 2850 per
527 2798 620 2834 omnes
631 2781 737 2834 ordines
748 2789 903 2848 aetatesque
915 2780 1020 2833 victoris

14 2865 17 2873 ‘
113 2851 257 2904 crudelitas
274 2865 306 2900 ae
324 2849 429 2900 licentia
440 2859 588 2926 vagaretur.
607 2850 701 2903 'Tunc
719 2865 782 2902 vero
800 2850 952 2916 impotentis
969 2848 1020 2903 for·

113 2939 182 3007 place
194 2959 219 2994 ιο
230 2944 309 2992 which
322 2943 361 2990 the
374 2944 431 3004 king
446 2945 559 2992 intended
570 2956 595 2992 to
605 2945 660 3000 tice,
674 2946 721 2992 and
732 2943 820 2996 which.
833 2945 1018 3006 consequently,

114 3001 918 3122 ”lgibbleilillllllllilllilgtlinollllslluhlllffl'oerlt
963 3064 1020 3127 arg

113 3120 405 3232 attractu·
834 3097 839 3109 '
919 3079 962 3125 ³²¹

141 3247 150 3272 ⁸
161 3243 232 3290 ‘Iron
245 3240 323 3300 platea
334 3237 401 3286 fitted
414 3237 463 3285 into
474 3239 534 3286 each
544 3237 630 3285 other.'

142 3303 237 3363 ‘Aegre
247 3299 326 3348 moliri
336 3298 364 3352 ιι,
380 3303 420 3344 ‘to
431 3312 501 3344 move
513 3313 527 3344 a
537 3313 602 3344 mass
614 3295 673 3344 with
684 3295 819 3359 difficulty!
852 3297 907 3346 The
922 3298 1020 3358 opinion

113 3363 140 3410 ol
148 3360 250 3430 Curtius
262 3358 291 3412 is,
304 3357 354 3404 that
367 3371 381 3403 a
392 3355 469 3424 heavy
480 3355 577 3415 cavalry
588 3356 609 3404 is
619 3355 702 3416 nearly
713 3357 807 3408 useless
817 3356 1019 3463 s⁰¹il¹⁰y⁸¹³l⁰¹k

113 3420 148 3469 lar
156 3423 251 3480 objecta
263 3415 291 3485 οι
298 3415 393 3484 cavalry
403 3430 426 3462 ru
433 3413 539 3474 general.
568 3415 666 3464 Constat
675 3414 731 3466 here
740 3433 832 3474 meaos,
844 3423 879 3464 ‘rs
887 3431 903 3464 v
928 3415 1008 3472 nablo,

113 3496 140 3530 or
153 3478 266 3532 ‘derives
277 3486 308 3524 ιιι
319 3483 465 3539 importauce
477 3471 555 3522 tromz’
