2322 3850
164 221 203 278 02
429 233 468 274 us
491 233 598 274 aasrrs
620 231 803 274 suxsrruar.

163 345 275 416 navigia,
294 343 391 416 quibus
408 343 546 397 occultatis
563 341 658 395 Sidona
676 339 782 394 devecti
801 349 870 394 sunt.
906 337 1067 400 Quindecim

163 415 237 470 milis
256 415 305 468 lroo
325 415 392 468 furto
412 413 542 467 subducta
554 413 681 464 saevitiae
694 420 763 464 sunt.
799 411 988 478 Quantumque
1011 425 1068 462 san·

162 485 250 556 guinis
270 485 358 538 lusum
382 484 423 552 sit,
446 483 488 536 vel
512 499 547 534 ex
570 481 619 534 hoc
642 481 775 534 aestimari
794 489 887 550 potest,
909 478 976 548 quod
1003 479 1069 532 intra

162 555 329 608 munimenta
358 553 432 606 urbis
462 569 510 606 sex
540 551 612 603 milia
643 561 803 603 armatorum
837 549 966 602 trucidata
998 557 1068 602 sunt.

162 623 248 677 Triste
260 622 357 676 deinde
369 623 550 692 spectaculum
563 620 706 673 victoribus
719 621 756 672 ira
769 619 888 690 praebuit
902 620 979 686 regis.
1011 619 1070 672 Duo

162 693 244 761 milia,
258 695 284 746 in
302 693 396 764 quibus
414 691 566 745 occidendis
577 689 712 742 defecerat
732 689 835 755 rabies,¹
853 688 977 742 crucibus
994 687 1070 742 affixi

200 779 210 814 r
230 764 323 832 ingens
342 763 424 815 litoris
443 761 557 832 spatium
581 758 772 829 pependerunt.
809 758 1069 826 Carthaginiensium

173 834 258 900 egetis
270 833 394 902 pepercit,
406 831 496 884 addita
509 828 707 882 denuntiatione
718 827 790 898 belli,
803 828 874 898 quod
887 828 1069 898 praesentiam

164 917 250 956 return
263 903 408 956 necessitas
419 909 571 954 moraretur.

199 975 240 1024 20.
258 973 342 1044 Tyros
361 973 474 1041 septimo
497 985 598 1037 mense,
619 969 711 1038 quarn2
729 967 873 1038 oppugnari
891 977 986 1037 coepta
1004 975 1068 1036 erat,

162 1051 240 1112 capta
252 1051 300 1111 est,
313 1041 375 1094 urbs
392 1049 419 1093 et
436 1047 568 1093 vetustate
580 1039 688 1106 originis
705 1045 732 1090 et
750 1038 841 1108 crebra
853 1036 974 1090 fortunae
986 1039 1070 1091 varie·

163 1117 218 1164 tate
230 1110 432 1164 admemoriam
445 1109 604 1179 posteritatis
622 1108 740 1177 insignis.
776 1107 888 1162 Condita
899 1107 935 1161 ab
946 1109 1070 1176 Agenore

163 1179 209 1234 diu
227 1197 308 1252 mare,
321 1197 373 1234 ncn
388 1179 508 1232 ricinum
526 1179 612 1248 modo,
632 1179 679 1230 sed
698 1176 875 1247 quodcunque
893 1176 994 1230 classes
1011 1177 1071 1248 ejus

162 1250 291 1321 adierunt,
304 1250 416 1305 dicionis
427 1265 490 1302 suae
504 1248 575 1302 lecit.
612 1249 645 1301 Et
658 1249 681 1300 si
693 1247 782 1300 lamae
794 1246 859 1300 libet
871 1247 988 1317 credere,
1002 1247 1071 1302 haec

163 1335 230 1390 gens
249 1319 350 1373 litteras
386 1320 451 1371 rima
468 1326 514 1371 aut
532 1318 627 1387 docuit,
647 1326 692 1370 ant
710 1316 812 1370 didicit.
849 1315 973 1370 Coloniae
997 1327 1071 1372 certe

164 1387 223 1441 e‘us
241 1405 327 1458 paens
345 1337 408 1442 orbe
425 1395 478 1440 toto
495 1387 609 1440 diffusas
630 1395 705 1440 sunt:
731 1384 861 1455 Carthago
879 1386 906 1438 in
924 1384 1024 1456 Africa,
1045 1389 1070 1441 in
1151 1433 1152 1448 ,

165 1405 273 1510 Bbeotia
296 1457 414 1526 Thebae,
433 1456 523 1510 Gades
545 1457 579 1510 ad
603 1457 760 1510 Oceanum.⁸
793 1455 877 1508 Credo
898 1456 980 1509 libero
1000 1474 1069 1510 corn·
1151 1483 1152 1506 l

163 1530 294 1580 trteantes¹
305 1529 371 1580 mari
384 1527 542 1596 saepiusque
560 1527 682 1580 adeundo
700 1525 797 1579 ceteris
815 1525 961 1593 incognitas
980 1535 1070 1598 terras,

163 1595 278 1664 elegisse
298 1597 377 1649 sedes
398 1596 537 1667 juventuti,
558 1613 610 1665 qna
632 1603 695 1648 tunc
718 1592 904 1648 abundabant:
930 1595 986 1648 sive
1010 1597 1072 1664 quia
1150 1649 1152 1664 ,

163 1665 262 1718 crebris
281 1667 396 1720 motibus
416 1675 508 1735 terrae,
530 1683 592 1718 nam
617 1666 667 1718 hoc
690 1681 794 1734 quoque
819 1663 935 1732 traditur,
957 1665 1072 1718 cultores
1151 1689 1152 1712 1

163 1733 222 1804 ejus
239 1734 348 1805 fatigati,
362 1753 429 1789 nova
446 1744 472 1787 et
491 1746 600 1788 externa
616 1735 750 1789 domicilia
767 1733 849 1786 armis
866 1733 974 1787 sibimet
992 1752 1071 1804 quae·

164 1819 222 1856 rere
245 1805 414 1874 cogebantur.
462 1805 557 1858 Multis
580 1821 643 1874 ergo
666 1804 774 1856 casibus
797 1803 943 1873 detractat
965 1814 992 1856 et
1016 1805 1091 1874 post
1151 1829 1152 1832 ¹

163 1874 300 1928 excidium
319 1884 417 1945 renata,
436 1885 614 1928 cunctamen
633 1875 710 1942 longa
728 1889 794 1942 pace
814 1881 909 1926 cuncta
928 1873 1071 1944 refovente,
1150 1877 1152 1938 j

164 1944 214 1998 sub
226 1945 310 1998 tutela
321 1946 456 1998 Romanae
468 1945 679 1998 mansuetudinis
689 1942 844 2011 acquiescit.

199 2018 240 2068 21.
259 2014 355 2068 Iisdem
368 2015 453 2070 fertne
464 2015 560 2068 diebus
571 2015 650 2067 Darei
663 2013 765 2064 litterae
777 2010 873 2064 allatae
887 2020 954 2083 sunt,
964 2014 1072 2068 tandem

163 2091 193 2136 ut
217 2085 272 2153 regi
295 2085 418 2154 scriptae.
455 2084 574 2154 Petebat,
600 2085 637 2136 nti
661 2083 744 2136 liliam
770 2098 847 2144 suam
870 2081 993 2152 (Statirae
1018 2092 1073 2136 erat

164 2155 281 2222 nomen),
310 2154 409 2224 nuptiis
437 2152 589 2208 Alexander
615 2153 666 2206 sibi
693 2151 866 2222 adjungeret:
897 2152 987 2206 dotem
1018 2152 1074 2205 sore

164 2237 271 2275 ornnem
301 2225 435 2291 regionem
465 2224 532 2275 iuter
560 2223 761 2293 Hellespontum
792 2229 818 2273 et
849 2222 935 2292 Halyn
965 2239 1074 2276 amnem

165 2291 251 2361 sitam,
265 2292 326 2344 inde
344 2293 478 2345 Orientem
490 2293 671 2362 spectantibus
683 2293 757 2344 terris
769 2299 921 2345 contentum
938 2293 979 2363 (se
998 2291 1074 2364 fore).
1150 2349 1151 2354 η

165 2359 191 2413 Si
215 2360 281 2412 sorte
303 2360 435 2414 dubitaret
458 2362 528 2430 quod
551 2362 688 2414 offerretur
707 2363 844 2431 accipere:
869 2378 1005 2432 uunquam
1029 2361 1075 2415 diu
1149 2361 1151 2388 ³

165 2429 261 2482 eodem
280 2430 390 2498 vestigio
408 2431 486 2482 stare⁸
506 2431 647 2500 fortunam,
667 2448 825 2500 semperque
843 2430 973 2501 homines,
992 2449 1075 2500 quan·
1150 2437 1151 2440 ’

165 2508 327 2568 tamounque
356 2499 513 2553 felicitatem
543 2501 665 2570 habeant,
695 2500 823 2554 invidiam
852 2510 942 2554 tamen
976 2501 1075 2554 sentire
1149 2549 1151 2556 .

197 2593 204 2615 ¹
215 2587 286 2634 ‘The
298 2587 352 2634 nrad
364 2602 419 2646 rege
435 2587 463 2634 os
476 2587 516 2634 the
528 2602 681 2645 conquerors‚
696 2586 758 2635 their
768 2587 816 2634 lust
828 2585 864 2634 for
875 2587 955 2641 blood,
969 2587 1016 2635 had
1032 2603 1074 2634 ex·

167 2646 269 2695 haustcd
281 2646 364 2702 itsell‚’
377 2661 405 2694 so
416 2645 468 2694 that
479 2647 548 2694 these
560 2656 610 2693 two
620 2646 740 2694 thousand
752 2646 798 2693 had
813 2647 875 2694 been
891 2645 977 2705 spared
993 2647 1017 2694 in
1034 2645 1075 2693 the
1150 2659 1151 2692 t

167 2707 404 2814 penerelmassacre.
436 2705 508 2753 After
518 2707 593 2761 milia,
606 2707 674 2766 affim
684 2705 761 2766 might
779 2705 840 2754 have
859 2707 921 2754 been
939 2705 1074 2766 expected;
1150 2773 1151 2776 Ἴ

184 2775 210 2814 ut
222 2781 263 2814 see
275 2765 373 2825 Zumpt,
386 2764 400 2816 l
411 2768 462 2813 368.
965 2785 969 2791 =
1150 2799 1151 2806 ,

195 2824 291 2932 'guam
302 2826 322 2874 is
334 2826 399 2877 here.
413 2839 439 2871 as
450 2834 491 2871 not
502 2822 680 2883 unlrequently,
693 2823 754 2871 used
764 2822 801 2872 sor
808 2833 938 2886 postquam.

195 2889 205 2914 ⁸
239 2884 270 2932 he
281 2885 380 2933 modern
392 2883 479 2952 Gadis,
490 2883 594 2932 situsted
604 2897 669 2940 upon
679 2897 709 2930 sn
721 2882 775 2951 islet
787 2899 819 2951 pn
830 2883 871 2931 tlrs
883 2883 986 2942 Spanish
998 2893 1076 2953 coast,

168 2953 193 2990 tc
204 2943 245 2990 the
257 2944 392 2992 north-east
408 2943 436 2990 os
449 2941 578 2990 Gabraltar.
610 2941 664 2989 The
682 2941 829 2989 Phoenrcran
840 2957 910 2990 name
922 2957 972 2990 was
985 2943 1076 3000 Gedru

170 3001 783 3152 Gsshtlhllllllsstrituramuraliine

196 3185 205 3208 ⁸
217 3119 337 3248 Aiibtreblib
345 3120 587 3248 db‘bgtnib'ibbbaticn,
613 3182 725 3248 aelatut,
737 3178 834 3246 &othe
844 3179 929 3228 author
935 3180 1080 3251 passesinto

169 3238 210 3286 the
222 3237 321 3286 rudtrect
333 3237 394 3285 form
405 3238 433 3285 os
444 3239 542 3307 speech,
555 3197 659 3286 without
675 3239 826 3298 introducing
842 3255 855 3286 a
871 3242 929 3308 aerb
941 3239 970 3286 ol
982 3257 1078 3308 aaytng.
1148 3209 1150 3330 ι

170 3298 217 3346 See
231 3297 310 3346 cram.
320 3295 334 3346 l
344 3299 398 3366 379.Ι
420 3297 529 3346 Darius's
538 3298 610 3346 offers
619 3313 659 3345 are
668 3313 794 3358 generous,
805 3297 851 3344 and
860 3297 898 3346 lus
907 3311 1047 3359 arguments
1056 3313 1080 3346 rn
1148 3333 1150 3362 ,

169 3372 184 3404 a
194 3366 260 3418 great
272 3371 381 3404 measure
389 3366 456 3415 Just3
467 3358 513 3405 and
524 3357 640 3416 probably
651 3373 697 3417 any
706 3357 774 3404 other
783 3357 840 3403 than
852 3357 989 3406 Alexander
998 3356 1080 3406 would

171 3413 1080 3536 ltttttttlettltlfttsillt'ttlttttttdltrllltltltltt
