2294 3842
128 191 190 270 ,ata
392 203 431 245 na
454 203 561 244 ossrrs
582 203 768 246 rnsxrunar.

131 315 208 372 brem
231 311 350 384 sumpsit,
376 311 551 382 laceratisque
573 311 689 365 crinibus
715 310 790 365 humi
812 328 908 382 corpus
930 313 975 367 ab'
1009 311 1035 365 it.

132 382 274 438 Assidebat
293 383 318 434 ei
338 381 423 436 altera
445 397 479 436 ex
501 380 631 451 neptibus,
650 397 734 450 nuper
750 381 881 435 amissum
900 329 1035 452 Hephhces·

132 453 238 521 tionem,
250 451 293 504 cui
309 459 443 521 nupserat,
461 451 574 520 lugens,¹
592 466 638 520 pro
657 450 761 519 tiaeque
778 467 873 504 causas
891 451 991 504 doloris
1012 452 1036 503 in

131 522 265 575 communi
283 520 416 574 maestitia
434 519 600 573 retractabat.
670 518 688 572 d
705 521 823 573 omnium
841 536 950 574 suornm
969 519 1038 572 mala

73 585 76 592 ’
131 590 173 644 Sis
191 589 296 659 gambis
314 607 367 644 una
386 589 528 659 capiebat.¹
561 588 610 641 llla
629 604 712 656 snam,
734 588 790 641 illa⁸
811 590 933 659 neptium
950 590 1038 642 ricem

132 607 222 712 flehat.
257 659 361 712 Recens
369 657 442 711 dolor
450 658 532 712 etiarn
544 658 684 728 praeterita
696 666 872 710 revocaverat.
911 659 1041 712 Crederes

131 729 210 782 modo
227 729 358 782 amissum
377 729 500 796 Dareum,
514 734 541 780 et
595 727 657 780 riter
667 727 782 780 miserae
794 728 907 780 duorum
926 727 1039 780 filiorum

132 797 261 867 exequias
284 813 344 850 esse
363 796 507 850 ducendas.
576 796 638 849 ebat
661 795 740 848 simul
763 807 880 849 mortuos
900 797 1038 864 virosque.

132 866 219 926 Quem
239 866 311 919 enirn
330 864 489 936 puellarum⁴
507 874 628 918 acturum
646 882 705 917 esse
722 865 833 917 onraml
855 883 935 934 quem
955 866 1039 918 aliurn

131 935 251 990 futurum
270 933 472 989 Alexuudmmi
493 934 589 987 iterum
608 951 667 987 esse
686 951 714 986 se
733 943 832 1003 captas,
852 935 949 988 iterum
970 935 1040 986 exci-

132 1003 203 1058 disse
224 1021 311 1073 regno.
348 1003 400 1062 Qui
419 1011 522 1058 mortuo
541 1003 627 1057 Dareo
647 1003 718 1073 ipsas
739 1011 864 1073 tueretur,
883 1004 1038 1074 repperisse,

151 1077 178 1128 ni
203 1084 260 1144 post
283 1073 465 1128 Alexandrum
493 1072 656 1142 respiceret,⁵
680 1072 772 1140 ntique
800 1090 852 1125 non
882 1083 1039 1143 reperturus.

132 1091 241 1198 inbibat
253 1143 320 1195 inter
331 1143 399 1196 haec
409 1141 538 1210 animum,
551 1140 683 1210 octoginta
694 1140 789 1194 fratres
806 1157 867 1194 suos
885 1141 983 1196 eodem
996 1141 1040 1194 die

131 1211 167 1266 ab
186 1211 259 1266 Ocho
281 1212 439 1266 saevissimo
459 1227 552 1280 regum
576 1210 728 1279 trucidatos,
749 1210 940 1281 adjectnmque
961 1211 1041 1279 stragi

132 1289 169 1334 tot
187 1282 301 1336 filiorum
321 1290 439 1351 patrem3
458 1297 474 1332 e
492 1297 520 1334 se
540 1289 595 1334 tem
615 1280 713 1348 liberis,
732 1297 798 1348 quos
816 1281 953 1348 genuisset
974 1281 1039 1350 ipsa,

132 1351 225 1404 tinum⁸
248 1366 401 1420 superesse,
420 1350 508 1418 ipsum
521 1297 643 1404 ilareurn
655 1349 775 1402 floruisse
789 1349 929 1418 paulisper,
944 1360 972 1402 nt
985 1365 1041 1402 oru-

132 1417 219 1473 delins
236 1429 324 1490 posset
342 1418 468 1486 extingui.
504 1419 546 1472 Ad
565 1419 689 1473 ultimum
705 1418 786 1471 dolori
802 1419 949 1487 succubuit,
963 1417 1041 1472 ohvc

132 1488 238 1558 lutoque
251 1489 339 1558 capite
356 1487 510 1540 accidentes
528 1489 641 1568 genibus
660 1487 715 1540 suis
734 1493 841 1556 neptem
859 1499 1041 1558 nepotemque

131 1566 259 1626 aversata,
279 1557 337 1608 cibo
358 1557 454 1626 pariter
471 1556 599 1612 abstinuit
620 1565 647 1610 et
670 1557 739 1609 luce.
775 1557 879 1622 Quinto,
899 1565 1040 1629 postquam

132 1625 198 1680 mori
220 1634 358 1696 statuerat,
376 1625 422 1678 die
442 1626 560 1679 extincta
583 1635 632 1680 est.
667 1626 798 1694 Magnum
820 1627 939 1696 prolecto
960 1626 1042 1680 Alex·

131 1693 211 1750 andro
232 1694 412 1764 indulgentiae
435 1695 462 1748 in
486 1713 546 1749 eam
570 1695 788 1766 justitiaequam
807 1712 901 1750 omnes
921 1698 1043 1766 captivos

132 1763 319 1818 documentum
342 1773 382 1818 est
406 1781 477 1818 mors
499 1762 592 1834 hujus:
614 1780 765 1835 quaecum
789 1765 959 1820 sustinuisset
982 1773 1042 1836 poet
1105 1793 1107 1797 ,

133 1833 246 1888 Dareum
258 1834 357 1900 rivere,
371 1833 521 1888 Alexandro
532 1850 593 1887 esse
605 1843 739 1904 superstes
750 1834 863 1888 erubuit.

169 1909 208 1957 18.
228 1903 263 1958 Et
286 1903 402 1974 hercule,
426 1902 496 1974 juste
519 1903 722 1957 aestimantibus
745 1920 836 1971 regern
856 1903 948 1974 liquet,
971 1903 1043 1958 bona

129 1981 240 2026 naturae
252 1973 311 2044 ejus
322 1972 412 2042 inisse,
426 1973 491 2026 vitia
502 1972 545 2026 vel
557 1972 685 2042 fortunae,
698 1971 740 2024 vel
759 1975 860 2026 aetatis.
897 1973 945 2026 Vis
957 1973 1042 2026 incre·

130 2041 219 2096 dibilis
240 2042 340 2111 animi,
365 2041 460 2096 laboris
482 2042 607 2112 patientia
649 2041 822 2112 ropemodum
844 2042 943 2111 nimia,
969 2041 1042 2095 forti·

130 2111 193 2166 tudo
211 2127 262 2165 non
281 2111 350 2165 inter
365 2127 443 2179 reges
460 2110 538 2166 modo
557 2059 699 2178 exceliens,
714 2109 762 2164 sed
773 2112 841 2166 inter
852 2111 912 2164 illos
923 2127 1040 2182 quoqne,

129 2197 242 2250 quorum
262 2179 331 2234 baeu
351 2180 407 2234 sola
423 2180 505 2234 virtus
522 2179 587 2250 tuir3
607 2179 753 2234 liberalitas
773 2197 854 2251 saepe
875 2181 978 2250 majora
996 2182 1040 2234 tri·

129 2249 256 2319 buentis,⁷
272 2266 355 2319 qnam
374 2267 392 2302 u
410 2249 464 2303 diis
482 2258 621 2320 petuntur,
644 2249 788 2302 clementia
807 2251 833 2302 in
855 2250 984 2319 devictos,
1004 2259 1042 2303 tot

130 2333 211 2386 regna
220 2325 266 2371 unt
278 2318 388 2388 reddita,
402 2319 498 2387 quibus
510 2335 543 2372 aa
554 2318 705 2390 dempserat
724 2317 801 2390 bello,
814 2327 859 2373 ant
871 2319 940 2372 dono
951 2319 1017 2373 data
1023 2321 1042 2389 5⁸

158 2475 165 2498 ¹
177 2469 260 2518 When
272 2468 531 2538 Alexandermarried
546 2472 588 2520 tha
604 2471 671 2521 elder
681 2472 798 2540 daughter
808 2472 837 2521 oi
848 2471 946 2531 Darius,
959 2473 991 2522 he
1004 2489 1040 2542 ar-

129 2527 1039 2650 tltfdilliltllttttlltltllttltltttlttltitltth‘ehflt

130 2647 201 2696 ciaet
212 2648 292 2697 which
303 2657 369 2696 must
384 2646 446 2695 have
461 2648 524 2695 bean
534 2649 626 2697 related
637 2649 661 2697 in
672 2649 724 2696 that
735 2659 787 2709 part
798 2648 826 2698 os
838 2649 887 2698 this
903 2650 969 2699 bools
985 2666 1040 2710 prs·

129 2707 216 2769 oadiug
226 2708 268 2756 the
280 2707 335 2756 llth
346 2708 453 2768 chapter,
465 2706 512 2757 and
523 2707 603 2757 which
614 2708 635 2756 is
646 2707 702 2758 lost.

156 2785 167 2810 ²
180 2779 245 2829 ‘She
255 2779 298 2830 salt
309 2778 464 2840 personully.’

157 2851 221 2901 'lllc
231 2852 253 2900 is
263 2851 320 2902 here
331 2849 452 2912 emphatic
462 2851 498 2901 ior
508 2871 541 2902 ec.

142 2929 165 2992 ι·
175 2923 267 2986 Yonng
277 2925 380 2974 married
390 2940 486 2973 women
497 2941 523 2974 or
533 2925 634 2976 widows
645 2942 684 2975 are
695 2927 837 2976 sometimes
847 2925 925 2978 called
932 2931 1040 2991 puellae,

128 2981 216 3043 simply
226 2993 252 3030 to
263 2983 365 3032 indicate
376 2982 427 3032 that
439 2983 497 3043 they
507 2999 547 3032 are
558 3002 638 3048 young
648 3000 752 3035 women.

158 3055 307 3117 ‘Barpana
322 3061 362 3104 ‘to
372 3056 430 3104 take
440 3057 593 3106 underone's
608 3059 743 3118 protection
751 3060 767 3118 ;'
780 3059 918 3120 equivalent
929 3069 956 3109 to
967 3065 1040 3110 saera
1115 3090 1117 3095 ·

155 3131 165 3157 ⁸
177 3126 243 3174 That
259 3128 280 3174 is
297 3126 428 3185 Oxathres,
441 3129 523 3178 whom
533 3129 673 3180 Alexander
683 3131 731 3181 had
746 3132 816 3182 rusda
831 3147 876 3180 one
887 3131 916 3181 of
927 3132 967 3182 hia
983 3149 1041 3182 own

128 3185 199 3233 suite.
232 3185 279 3234 Sea
289 3186 330 3233 vii.
342 3189 386 3233 at.-

127 3245 223 3362 pffle
232 3247 311 3311 might
322 3258 408 3307 expect
420 3251 536 3308 tribueris,
547 3253 592 3300 but
607 3252 649 3301 the
664 3254 771 3344 genitive
786 3255 807 3304 is
822 3255 934 3304 likewise
951 3271 1037 3318 appro-

155 3365 365 3432 ·Thp'pmticiple
375 3368 434 3424 hare
448 3373 559 3422 marsius
574 3373 615 3426 tha
631 3375 747 3439 priucipal
761 3379 858 3440 notium
872 3379 983 3440 namely,
997 3379 1042 3443 the
