2278 3846
157 217 214 272 tat
419 227 459 268 aa
482 226 590 268 oraru
612 227 798 271 anaxanoar.

154 340 278 394 unorum
296 353 393 390 manns
410 343 533 416 quattuor
551 337 624 392 milla
641 335 810 407 expleverat:
834 343 941 408 preater
959 334 1012 390 bos
1029 335 1064 392 itt
1125 326 1126 329 ¹

154 407 228 463 milia
246 417 273 460 et
291 405 354 460 CCC
371 415 475 476 equites
489 416 571 476 erant,
588 405 705 460 maxime
724 403 932 460 Bactrianorum.
968 405 1065 460 Bessus

153 484 281 548 praeerat,
302 475 457 528 Bactrianae
477 476 589 544 regionis
609 473 768 546 praefectus.
803 475 871 529 Cum
889 474 941 530 hoc
957 473 1065 544 agmine

155 545 262 618 paulurn
275 544 420 598 declinavit
431 543 475 597 via
487 544 603 614 militari,
616 544 697 614 jussis
727 543 868 598 raecedera
880 543 942 600 lixis
954 543 1065 614 impedi-

155 624 358 684 mentorumque
369 612 531 667 custodibus.
568 614 681 684 Consilio
717 615 795 666 einde
813 613 951 682 advocato,
964 613 994 666 Si
1005 631 1066 670 cum

155 685 266 754 ignavis,
280 685 372 753 inquit,
386 691 413 736 et
425 683 508 753 pluris
523 684 738 752 qualemcunque
751 683 842 738 ιιῑιιιιιι
854 684 967 737 honesta
984 693 1066 738 morta

154 754 360 808 aestimantibus
371 753 475 806 fortuna
488 751 625 822 junxisset,
639 763 755 806 tacerem
768 754 862 824 potins,
876 769 960 855 <poam
971 752 1068 810 frustra

154 824 237 876 verba
254 839 448 876 consumerem.
492 822 544 876 Sed
562 821 669 892 majore,
683 839 766 891 quam
777 823 884 892 vellem,
906 821 1067 878 documento

156 903 182 946 et
196 893 319 946 virtutem
332 899 456 961 vestram,
472 900 500 945 et
517 889 600 944 fidem
617 905 749 962 expertus,
766 893 852 960 magis
869 891 953 944 etiam
970 892 1069 948 conniti

156 961 249 1031 debeo,
262 971 290 1014 ut
302 960 398 1030 dignus
409 961 507 1016 talibus
517 960 614 1014 amicis
625 961 685 1032 sim,
698 978 778 1030 quam
796 961 927 1030 dubitare,
940 977 974 1014 an
990 961 1068 1016 vestri

156 1031 260 1084 similes
270 1030 359 1085 adhuc
371 1031 435 1084 sitia
466 1031 508 1085 Ex
520 1039 557 1083 tot
569 1030 685 1100 milibus,
698 1046 765 1099 quae
778 1029 827 1084 sub
839 1030 950 1100 imperio
962 1031 1069 1086 fuerunt

156 1118 225 1172 meo,
245 1100 287 1155 bis
304 1117 349 1154 me
366 1101 475 1169 victum,
495 1099 537 1154 bis
554 1099 701 1169 fugientem
722 1099 853 1170 porsecuti
874 1099 948 1166 estis.
986 1101 1069 1156 Fides

156 1180 283 1224 restruet
295 1170 448 1240 constantia,
461 1180 515 1224 ntr
566 1187 650 1224 inme
663 1186 723 1222 csse
740 1169 856 1239 credam,
869 1167 942 1222 facit
979 1169 1070 1226 Prodi·

156 1247 226 1294 toros
237 1249 264 1292 et
277 1239 427 1319 transfugae
439 1243 465 1292 in
478 1239 534 1292 urbi
557 1257 588 1293 ns
599 1238 668 1292 meis
679 1247 800 1308 regnant:
820 1255 871 1291 non
884 1237 995 1294 hercule
1007 1241 1071 1310 quia

157 1317 228 1364 tanto
246 1308 343 1363 honora
362 1308 436 1377 digni
454 1307 604 1379 hahentur,⁸
621 1307 670 1362 sed
687 1318 716 1362 ut
733 1309 859 1380 praemiis
876 1324 969 1362 eorum
988 1309 1070 1378 vestri

156 1379 328 1432 sollicitentur
348 1377 440 1430 animi.
483 1377 576 1432 Meam
597 1377 728 1432 fortunam
749 1386 840 1430 tamen
859 1394 942 1446 quarn
962 1379 1071 1434 victoris

156 1448 288 1502 maluistis
299 1446 373 1517 sequi
395 1445 551 1516 dignissimi,
564 1447 668 1516 quibus,
682 1447 765 1515 siego
783 1463 834 1499 non
852 1447 960 1516 possim,
973 1447 1011 1500 dii
1024 1465 1071 1520 pro
1119 1455 1125 1472 ⁸

156 1534 201 1572 rue
212 1517 323 1585 gratiam
338 1485 460 1570 referant.
489 1515 529 1570 Et
541 1516 695 1573 mehercule
708 1514 830 1569 referent.
859 1515 939 1570 Nullo
952 1519 1001 1571 erit
1016 1527 1071 1574 tam

156 1588 235 1640 surda
248 1586 393 1656 posteritas,
406 1585 479 1638 nulla
497 1593 553 1639 tam
570 1585 673 1656 ingrata
684 1585 765 1656 tana,
778 1602 847 1658 quae
858 1602 911 1638 non
922 1585 950 1640 in
963 1587 1070 1644 ooeluru

156 1673 205 1710 vos
215 1655 313 1709 debitis
324 1653 449 1710 laudibus
461 1655 536 1708 terat.

193 1730 235 1778 25.
253 1726 347 1794 ltaque
359 1724 466 1780 etiamsi
477 1724 617 1779 consilium
629 1724 718 1794 fugae,
726 1741 805 1794 aqua
816 1724 931 1778 multum
942 1725 1070 1792 abherret

156 1795 269 1866 animos,
282 1794 434 1866 agitassem,
447 1805 535 1848 vestra
547 1803 637 1850 tamen
649 1795 745 1848 virtute
761 1795 844 1847 sretus
858 1795 967 1849 obviarn
986 1795 1070 1852 isson
1112 1810 1115 1814 ’

157 1863 235 1920 bosri.
270 1864 415 1935 Quousque
434 1865 546 1920 enimin
559 1863 771 1935 regno'exulabq
784 1872 811 1917 et
825 1879 874 1934 per
884 1865 953 1920 fines
965 1865 1071 1936 imperii

158 1935 212 1988 ruci
225 1935 323 2004 ingiam
337 1948 477 1990 externum
489 1943 516 1990 et
527 1934 658 1988 advenam
672 1933 782 2002 regeint
794 1949 855 1988 cum
868 1932 948 1988 liceat
960 1942 1069 2006 experto

157 2003 223 2058 belli
242 2005 373 2058 fortunam
393 2015 439 2060 aut
460 2021 581 2084 reparare
599 2019 668 2072 qnae
688 2003 773 2072 amisi,
791 2011 837 2056 aut
855 2002 967 2058 honesta
985 2012 1069 2060 morte

66 2135 70 2146 ¹
158 2072 287 2144 defungi⁴
320 2074 355 2127 Ni
368 2072 529 2127 tortosanus
546 2081 585 2126 est
604 2080 745 2142 expectare
756 2071 862 2126 victoris
877 2072 1028 2144 arbitrium,
1042 2082 1069 2128 et

158 2143 265 2196 Mazaei
289 2151 316 2197 et
339 2142 482 2196 Mithrenis
501 2139 624 2262 exemplo
643 2141 794 2210 precarium
811 2141 934 2212 accipere
956 2159 1069 2212 regnum

159 2213 270 2264 nationis
293 2211 385 2264 unius:
410 2213 450 2264 ιιιι
466 2210 522 2280 jam
541 2211 617 2264 mait
636 2210 681 2263 ille
700 2208 799 2278 gloriae
818 2227 891 2281 suae,
910 2228 994 2281 quarn
1014 2213 1070 2266 irae

158 2279 278 2349 obsequi.
320 2281 379 2332 Nec
402 2279 439 2332 dii
462 2279 575 2349 siverint,
597 2289 627 2334 nt
648 2278 698 2333 hoc
717 2278 801 2332 decus
820 2281 876 2334 mei
898 2281 1006 2350 capitis·
1023 2291 1070 2336 aut

158 2348 267 2402 demere
279 2347 346 2402 mihi
357 2347 498 2418 quisquam
515 2358 561 2402 aut
579 2349 726 2402 condonare
742 2347 839 2418 possit:
858 2366 908 2402 nec
920 2349 972 2404 hoo
985 2351 1069 2422 impe·

159 2419 226 2471 rium
247 2421 324 2472 vivus
346 2419 477 2488 amittam,
496 2418 623 2488 idemque
642 2419 691 2470 erit
712 2434 739 2471 re
760 2417 785 2472 ni
804 2417 867 2488 mci,
886 2419 934 2490 qni
953 2422 1068 2492 spiritus,

158 2487 236 2542 tinia.⁷
272 2487 297 2542 Si
315 2486 360 2541 hic
377 2487 490 2556 animus,
510 2487 532 2540 si
549 2487 617 2540 haec
633 2485 686 2558 lex,
704 2435 770 2540 uuili
790 2495 842 2540 uon
859 2497 936 2558 parta
956 2490 1069 2544 libertas

160 2663 196 2754 ὓ·
210 2643 319 2756 Ἀῠὶιιιῖοἰ
338 2644 363 2693 in
380 2643 505 2693 whatever
522 2643 710 2694 circumstances
729 2645 748 2694 it
766 2661 823 2706 may
840 2646 871 2695 bo
890 2647 979 2706 spent!
1021 2647 1067 2698 Sec

184 2723 240 2753 ram.
322 2740 328 2752 ι
700 2750 703 2755 .

186 2770 254 2818 ²For
265 2769 313 2817 this
324 2766 485 2828 subjunctive,
497 2782 538 2815 see
551 2767 631 2816 Gmm.
643 2767 657 2819 l
667 2771 719 2824 ³60,
733 2773 755 2826 3,
769 2777 825 2818 note
838 2773 858 2818 1,

187 2833 322 2894 'Properly
332 2836 474 2882 inhonetan—
498 2832 545 2881 See
557 2831 655 2892 Zumpt,
668 2833 745 2885 lidi.

186 2907 196 2930 ⁴
207 2907 214 2928 ⁴
223 2900 262 2948 To
273 2899 328 2968 die)
360 2897 424 2947 Both
435 2907 507 2948 morte
516 2897 563 2946 and
574 2900 623 2967 pito
633 2899 733 2966 clet'nngi
743 2911 788 2946 can
798 2899 828 2946 be
839 2899 1018 2967 suidbeoauac
1028 2904 1067 2952 dr·

176 2958 236 3021 ungi
245 2958 372 3027 originally
382 2973 474 3012 means,
488 2963 529 3007 ‘to
539 2956 612 3005 linrsh
623 2972 637 3004 a
648 2959 769 3025 business,
782 2957 829 3005 and
839 2968 880 3019 get
892 2957 968 3028 ndoi'
973 2959 1011 3029 it!
1038 2959 1067 3010 Iu
1131 2949 1133 2996 i

158 3028 230 3126 '2130
231 3017 357 3124 Igptpnppph
360 3031 398 3098 pe
411 3016 460 3066 find
470 3019 595 3078 defunctus
607 3015 685 3073 alona,
697 3016 800 3066 without
816 3032 846 3065 au
862 3017 976 3076 ablativa,
989 3035 1016 3068 ιιι
1025 3019 1067 3068 the

189 3148 197 3172 ⁸
209 3137 338 3200 ‘Granting
346 3138 423 3189 that!
447 3139 503 3188 'l'he
513 3139 567 3188 four
574 3154 659 3188 sensas
670 3139 694 3187 in
704 3139 785 3188 which
795 3149 822 3188 nt
832 3140 954 3202 regularly
961 3157 1067 3202 govarua

160 3199 201 3248 the
217 3197 369 3257 san'nnotive
380 3215 429 3254 are,
444 3200 483 3247 ‘in
493 3198 563 3248 order
572 3199 644 3254 that‚’
659 3204 702 3248 ‘so
712 3198 784 3254 that‚’
800 3200 925 3262 ‘granting
935 3199 1007 3258 that,'
1020 3202 1067 3252 aud

162 3257 241 3307 ‘how’
254 3256 279 3303 in
290 3271 319 3303 au
330 3256 429 3306 indireot
439 3258 558 3318 question.
590 3257 637 3306 See
650 3257 730 3307 Grani.
742 3258 818 3314 ι352,
830 3269 886 3308 note
898 3263 919 3308 1.

187 3329 196 3354 ⁸
208 3319 324 3378 Namely,
336 3320 377 3368 the
388 3323 484 3378 οιᾶανίι,
497 3338 524 3371 or
532 3322 630 3383 upright
641 3322 708 3374 tiara
740 3323 787 3372 See
798 3323 831 3372 iii.
842 3327 869 3372 8.’

156 3387 159 3392 ’
188 3385 269 3446 '‘My
284 3394 442 3444 government
458 3386 508 3435 will
523 3386 570 3434 and
586 3385 646 3436 with
661 3403 685 3436 m
717 3387 803 3438 hreath
819 3388 880 3444 (that
896 3388 926 3446 is,
943 3387 1018 3448 lilett'
1041 3391 1066 3442 ‘l

159 3442 222 3492 shall
232 3457 302 3492 cesse
313 3452 338 3491 to
349 3442 396 3492 live
407 3441 478 3490 when
486 3443 500 3504 ‚1
511 3459 581 3492 cosso
592 3453 618 3492 to
628 3403 703 3494 talei
730 3447 777 3496 Sec
789 3447 887 3512 Zumpt,
900 3447 976 3501 Mill.
