<?xml version="1.0" encoding="UTF-8"?>
<!DOCTYPE html PUBLIC "-//W3C//DTD XHTML 1.0 Transitional//EN"
    "http://www.w3.org/TR/xhtml1/DTD/xhtml1-transitional.dtd">
<html xmlns="http://www.w3.org/1999/xhtml" xml:lang="en" lang="en">
 <head>
  <title>
</title>
<meta http-equiv="Content-Type" content="text/html;charset=utf-8" />
  <meta name='ocr-system' content='tesseract 3.04.00' />
  <meta name='ocr-capabilities' content='ocr_page ocr_carea ocr_par ocr_line ocrx_word'/>
</head>
<body>
  <div class='ocr_page' id='page_1' title='image "./qcurtiirufidege02rufugoog_0317.png"; bbox 0 0 2294 3842; ppageno 0'>
   <div class='ocr_carea' id='block_1_1' title="bbox 480 237 1004 298">
    <p class='ocr_par' dir='ltr' id='par_1_1' title="bbox 480 237 1004 298">
     <span class='ocr_line' id='line_1_1' title="bbox 480 237 1004 298; baseline 0.013 -7"><span class='ocrx_word' id='word_1_1' title='bbox 480 251 572 292; x_wconf 78' lang='lat' dir='ltr'><strong>uranu</strong></span> <span class='ocrx_word' id='word_1_2' title='bbox 591 253 622 292; x_wconf 83' lang='lat' dir='ltr'><strong>x.</strong></span> <span class='ocrx_word' id='word_1_3' title='bbox 946 237 1004 298; x_wconf 75' lang='lat'><strong>80¹1</strong></span> 
     </span>
    </p>
   </div>
   <div class='ocr_carea' id='block_1_2' title="bbox 88 359 1021 2097">
    <p class='ocr_par' dir='ltr' id='par_1_2' title="bbox 88 359 1021 2097">
     <span class='ocr_line' id='line_1_2' title="bbox 91 359 1005 432; baseline 0.001 -18"><span class='ocrx_word' id='word_1_4' title='bbox 91 375 190 416; x_wconf 76' lang='lat' dir='ltr'><strong>cerem</strong></span> <span class='ocrx_word' id='word_1_5' title='bbox 207 359 234 416; x_wconf 88' lang='lat' dir='ltr'><strong>in</strong></span> <span class='ocrx_word' id='word_1_6' title='bbox 248 359 353 428; x_wconf 76' lang='lat' dir='ltr'><strong>Asiam,</strong></span> <span class='ocrx_word' id='word_1_7' title='bbox 366 359 465 414; x_wconf 84' lang='lat' dir='ltr'><strong>multas</strong></span> <span class='ocrx_word' id='word_1_8' title='bbox 481 360 583 416; x_wconf 88' lang='lat' dir='ltr'><strong>nobiles</strong></span> <span class='ocrx_word' id='word_1_9' title='bbox 599 369 700 430; x_wconf 80' lang='lat' dir='ltr'>gentes,</span> <span class='ocrx_word' id='word_1_10' title='bbox 714 379 841 432; x_wconf 83' lang='lat' dir='ltr'><strong>magnam</strong></span> <span class='ocrx_word' id='word_1_11' title='bbox 853 363 910 416; x_wconf 85' lang='lat' dir='ltr'><strong>rim</strong></span> <span class='ocrx_word' id='word_1_12' title='bbox 922 361 1005 418; x_wconf 87' lang='lat' dir='ltr'><strong>homi·</strong></span> 
     </span>
     <span class='ocr_line' id='line_1_3' title="bbox 89 429 1006 498; baseline 0.003 -16"><span class='ocrx_word' id='word_1_13' title='bbox 89 445 161 483; x_wconf 86' lang='lat' dir='ltr'><strong>num</strong></span> <span class='ocrx_word' id='word_1_14' title='bbox 188 429 299 498; x_wconf 88' lang='lat' dir='ltr'><strong>irnperio</strong></span> <span class='ocrx_word' id='word_1_15' title='bbox 321 447 383 482; x_wconf 89' lang='lat' dir='ltr'><strong>meo</strong></span> <span class='ocrx_word' id='word_1_16' title='bbox 412 447 456 483; x_wconf 90' lang='lat' dir='ltr'><strong>me</strong></span> <span class='ocrx_word' id='word_1_17' title='bbox 479 429 630 483; x_wconf 87' lang='lat' dir='ltr'><strong>additurum</strong></span> <span class='ocrx_word' id='word_1_18' title='bbox 663 447 723 483; x_wconf 88' lang='lat' dir='ltr'><strong>esse</strong></span> <span class='ocrx_word' id='word_1_19' title='bbox 755 431 902 486; x_wconf 87' lang='lat' dir='ltr'><strong>serabarh.</strong></span> <span class='ocrx_word' id='word_1_20' title='bbox 947 431 1006 485; x_wconf 87' lang='lat' dir='ltr'><strong>Nee</strong></span> 
     </span>
     <span class='ocr_line' id='line_1_4' title="bbox 90 451 1005 568; baseline 0.002 -16"><span class='ocrx_word' id='word_1_21' title='bbox 90 499 228 568; x_wconf 86' lang='lat' dir='ltr'><strong>deceptus</strong></span> <span class='ocrx_word' id='word_1_22' title='bbox 246 516 316 568; x_wconf 88' lang='lat' dir='ltr'><strong>sum,</strong></span> <span class='ocrx_word' id='word_1_23' title='bbox 329 499 399 568; x_wconf 87' lang='lat' dir='ltr'><strong>quod</strong></span> <span class='ocrx_word' id='word_1_24' title='bbox 412 499 446 552; x_wconf 93' lang='lat' dir='ltr'><strong>de</strong></span> <span class='ocrx_word' id='word_1_25' title='bbox 459 499 500 552; x_wconf 87' lang='lat' dir='ltr'><strong>hie</strong></span> <span class='ocrx_word' id='word_1_26' title='bbox 518 499 620 552; x_wconf 90' lang='lat' dir='ltr'><strong>credidi</strong></span> <span class='ocrx_word' id='word_1_27' title='bbox 636 499 733 553; x_wconf 86' lang='lat' dir='ltr'><strong>famae.</strong></span> <span class='ocrx_word' id='word_1_28' title='bbox 769 451 821 554; x_wconf 55' lang='lat' dir='ltr'><strong>§ed</strong></span> <span class='ocrx_word' id='word_1_29' title='bbox 839 503 873 554; x_wconf 88' lang='lat' dir='ltr'><strong>ad</strong></span> <span class='ocrx_word' id='word_1_30' title='bbox 893 501 937 554; x_wconf 92' lang='lat' dir='ltr'><strong>illa</strong></span> <span class='ocrx_word' id='word_1_31' title='bbox 954 499 1005 554; x_wconf 89' lang='lat' dir='ltr'><strong>hoc</strong></span> 
     </span>
     <span class='ocr_line' id='line_1_5' title="bbox 90 567 1005 638; baseline 0.001 -16"><span class='ocrx_word' id='word_1_32' title='bbox 90 584 202 638; x_wconf 89' lang='lat' dir='ltr'><strong>quoque</strong></span> <span class='ocrx_word' id='word_1_33' title='bbox 213 569 336 637; x_wconf 88' lang='lat' dir='ltr'><strong>accessit,</strong></span> <span class='ocrx_word' id='word_1_34' title='bbox 349 568 421 638; x_wconf 91' lang='lat' dir='ltr'><strong>quod</strong></span> <span class='ocrx_word' id='word_1_35' title='bbox 434 569 510 622; x_wconf 88' lang='lat' dir='ltr'><strong>video</strong></span> <span class='ocrx_word' id='word_1_36' title='bbox 522 567 603 622; x_wconf 88' lang='lat' dir='ltr'><strong>sortes</strong></span> <span class='ocrx_word' id='word_1_37' title='bbox 615 569 758 638; x_wconf 81' lang='lat' dir='ltr'><strong>viroserga</strong></span> <span class='ocrx_word' id='word_1_38' title='bbox 776 588 852 638; x_wconf 87' lang='lat' dir='ltr'><strong>reges</strong></span> <span class='ocrx_word' id='word_1_39' title='bbox 871 589 932 624; x_wconf 88' lang='lat' dir='ltr'><strong>suos</strong></span> <span class='ocrx_word' id='word_1_40' title='bbox 969 571 1005 623; x_wconf 91' lang='lat' dir='ltr'><strong>ie·</strong></span> 
     </span>
     <span class='ocr_line' id='line_1_6' title="bbox 90 589 1005 710; baseline 0 -18"><span class='ocrx_word' id='word_1_41' title='bbox 90 639 156 692; x_wconf 81' lang='lat' dir='ltr'><strong>tatis</strong></span> <span class='ocrx_word' id='word_1_42' title='bbox 168 637 296 692; x_wconf 88' lang='lat' dir='ltr'><strong>invictae.</strong></span> <span class='ocrx_word' id='word_1_43' title='bbox 331 639 406 692; x_wconf 82' lang='lat' dir='ltr'><strong>Luxu</strong></span> <span class='ocrx_word' id='word_1_44' title='bbox 419 640 509 691; x_wconf 85' lang='lat' dir='ltr'><strong>omnia</strong></span> <span class='ocrx_word' id='word_1_45' title='bbox 525 637 609 692; x_wconf 90' lang='lat' dir='ltr'><strong>fluere</strong></span> <span class='ocrx_word' id='word_1_46' title='bbox 627 639 800 710; x_wconf 83' lang='lat' dir='ltr'><strong>credideram,</strong></span> <span class='ocrx_word' id='word_1_47' title='bbox 814 649 841 692; x_wconf 89' lang='lat' dir='ltr'><strong>et</strong></span> <span class='ocrx_word' id='word_1_48' title='bbox 854 641 936 693; x_wconf 89' lang='lat' dir='ltr'><strong>nimia</strong></span> <span class='ocrx_word' id='word_1_49' title='bbox 948 589 1005 692; x_wconf 65' lang='lat' dir='ltr'><strong>hli-</strong></span> 
     </span>
     <span class='ocr_line' id='line_1_7' title="bbox 90 705 1005 778; baseline 0.002 -18"><span class='ocrx_word' id='word_1_50' title='bbox 90 709 177 762; x_wconf 84' lang='lat' dir='ltr'><strong>citete</strong></span> <span class='ocrx_word' id='word_1_51' title='bbox 190 709 275 777; x_wconf 89' lang='lat' dir='ltr'><strong>mergi</strong></span> <span class='ocrx_word' id='word_1_52' title='bbox 289 708 314 760; x_wconf 89' lang='lat' dir='ltr'><strong>in</strong></span> <span class='ocrx_word' id='word_1_53' title='bbox 326 708 485 778; x_wconf 80' lang='lat' dir='ltr'><strong>voluptates.</strong></span> <span class='ocrx_word' id='word_1_54' title='bbox 521 711 557 762; x_wconf 82' lang='lat' dir='ltr'><strong>At</strong></span> <span class='ocrx_word' id='word_1_55' title='bbox 569 705 702 761; x_wconf 87' lang='lat' dir='ltr'><strong>hercoles¹</strong></span> <span class='ocrx_word' id='word_1_56' title='bbox 715 711 806 762; x_wconf 89' lang='lat' dir='ltr'><strong>munia</strong></span> <span class='ocrx_word' id='word_1_57' title='bbox 824 709 935 762; x_wconf 89' lang='lat' dir='ltr'><strong>militiae</strong></span> <span class='ocrx_word' id='word_1_58' title='bbox 955 709 1005 762; x_wconf 88' lang='lat' dir='ltr'><strong>hoc</strong></span> 
     </span>
     <span class='ocr_line' id='line_1_8' title="bbox 89 777 1006 848; baseline 0.004 -18"><span class='ocrx_word' id='word_1_59' title='bbox 89 778 249 831; x_wconf 83' lang='lat' dir='ltr'><strong>animorum</strong></span> <span class='ocrx_word' id='word_1_60' title='bbox 273 794 464 847; x_wconf 81' lang='lat' dir='ltr'><strong>corporumque</strong></span> <span class='ocrx_word' id='word_1_61' title='bbox 482 777 573 830; x_wconf 89' lang='lat' dir='ltr'><strong>robore</strong></span> <span class='ocrx_word' id='word_1_62' title='bbox 592 779 690 847; x_wconf 77' lang='lat' dir='ltr'><strong>aeque²</strong></span> <span class='ocrx_word' id='word_1_63' title='bbox 706 778 817 848; x_wconf 85' lang='lat' dir='ltr'><strong>impigre</strong></span> <span class='ocrx_word' id='word_1_64' title='bbox 836 779 952 832; x_wconf 91' lang='lat' dir='ltr'><strong>toleratis</strong></span> <span class='ocrx_word' id='word_1_65' title='bbox 979 787 1006 834; x_wconf 89' lang='lat' dir='ltr'><strong>et</strong></span> 
     </span>
     <span class='ocr_line' id='line_1_9' title="bbox 90 819 1006 918; baseline 0.002 -18"><span class='ocrx_word' id='word_1_66' title='bbox 90 863 157 900; x_wconf 89' lang='lat' dir='ltr'><strong>curn</strong></span> <span class='ocrx_word' id='word_1_67' title='bbox 177 846 260 901; x_wconf 83' lang='lat' dir='ltr'><strong>fortes</strong></span> <span class='ocrx_word' id='word_1_68' title='bbox 277 847 326 899; x_wconf 85' lang='lat' dir='ltr'><strong>viri</strong></span> <span class='ocrx_word' id='word_1_69' title='bbox 349 847 413 916; x_wconf 64' lang='lat' dir='ltr'><strong>sitis</strong></span> <span class='ocrx_word' id='word_1_70' title='bbox 434 864 486 899; x_wconf 89' lang='lat' dir='ltr'><strong>non</strong></span> <span class='ocrx_word' id='word_1_71' title='bbox 510 845 689 901; x_wconf 84' lang='lat' dir='ltr'><strong>fortitudinem</strong></span> <span class='ocrx_word' id='word_1_72' title='bbox 709 849 795 916; x_wconf 86' lang='lat' dir='ltr'><strong>magis</strong></span> <span class='ocrx_word' id='word_1_73' title='bbox 823 865 902 918; x_wconf 87' lang='lat' dir='ltr'><strong>quarn</strong></span> <span class='ocrx_word' id='word_1_74' title='bbox 924 819 1006 902; x_wconf 80' lang='lat' dir='ltr'><strong>fidem</strong></span> 
     </span>
     <span class='ocr_line' id='line_1_10' title="bbox 89 916 1005 1038; baseline 0 -68"><span class='ocrx_word' id='word_1_75' title='bbox 89 917 194 970; x_wconf 82' lang='lat' dir='ltr'><strong>colitis.</strong></span> <span class='ocrx_word' id='word_1_76' title='bbox 233 916 289 970; x_wconf 89' lang='lat' dir='ltr'><strong>Hoc</strong></span> <span class='ocrx_word' id='word_1_77' title='bbox 301 933 349 984; x_wconf 87' lang='lat' dir='ltr'><strong>ego</strong></span> <span class='ocrx_word' id='word_1_78' title='bbox 361 934 431 970; x_wconf 87' lang='lat' dir='ltr'><strong>nune</strong></span> <span class='ocrx_word' id='word_1_79' title='bbox 443 916 561 1038; x_wconf 49' lang='lat' dir='ltr'><strong>primurn</strong></span> <span class='ocrx_word' id='word_1_80' title='bbox 572 917 701 986; x_wconf 87' lang='lat' dir='ltr'><strong>profiteor,</strong></span> <span class='ocrx_word' id='word_1_81' title='bbox 715 917 761 970; x_wconf 92' lang='lat' dir='ltr'><strong>sed</strong></span> <span class='ocrx_word' id='word_1_82' title='bbox 778 917 840 970; x_wconf 90' lang='lat' dir='ltr'><strong>cim</strong></span> <span class='ocrx_word' id='word_1_83' title='bbox 853 919 917 969; x_wconf 89' lang='lat' dir='ltr'><strong>scio.</strong></span> <span class='ocrx_word' id='word_1_84' title='bbox 953 917 1005 970; x_wconf 87' lang='lat' dir='ltr'><strong>Ita·</strong></span> 
     </span>
     <span class='ocr_line' id='line_1_11' title="bbox 89 985 1006 1055; baseline 0.002 -17"><span class='ocrx_word' id='word_1_85' title='bbox 89 1001 146 1054; x_wconf 92' lang='lat' dir='ltr'><strong>que</strong></span> <span class='ocrx_word' id='word_1_86' title='bbox 168 995 198 1038; x_wconf 87' lang='lat' dir='ltr'><strong>et</strong></span> <span class='ocrx_word' id='word_1_87' title='bbox 218 985 352 1038; x_wconf 89' lang='lat' dir='ltr'><strong>delectum</strong></span> <span class='ocrx_word' id='word_1_88' title='bbox 373 1002 389 1039; x_wconf 91' lang='lat' dir='ltr'><strong>e</strong></span> <span class='ocrx_word' id='word_1_89' title='bbox 409 1003 441 1038; x_wconf 87' lang='lat' dir='ltr'><strong>vo</strong></span> <span class='ocrx_word' id='word_1_90' title='bbox 462 987 485 1038; x_wconf 90' lang='lat' dir='ltr'><strong>is</strong></span> <span class='ocrx_word' id='word_1_91' title='bbox 503 985 635 1055; x_wconf 85' lang='lat' dir='ltr'><strong>juniorum</strong></span> <span class='ocrx_word' id='word_1_92' title='bbox 659 986 748 1052; x_wconf 77' lang='lat' dir='ltr'><strong>habui,</strong></span> <span class='ocrx_word' id='word_1_93' title='bbox 770 995 797 1040; x_wconf 87' lang='lat' dir='ltr'><strong>et</strong></span> <span class='ocrx_word' id='word_1_94' title='bbox 818 1005 865 1040; x_wconf 88' lang='lat' dir='ltr'><strong>vos</strong></span> <span class='ocrx_word' id='word_1_95' title='bbox 884 1003 1006 1040; x_wconf 88' lang='lat' dir='ltr'><strong>meorum</strong></span> 
     </span>
     <span class='ocr_line' id='line_1_12' title="bbox 90 1054 1007 1128; baseline 0 -20"><span class='ocrx_word' id='word_1_96' title='bbox 90 1055 213 1108; x_wconf 87' lang='lat' dir='ltr'><strong>militum</strong></span> <span class='ocrx_word' id='word_1_97' title='bbox 238 1056 349 1124; x_wconf 80' lang='lat' dir='ltr'><strong>oorpori³</strong></span> <span class='ocrx_word' id='word_1_98' title='bbox 371 1055 513 1108; x_wconf 83' lang='lat' dir='ltr'><strong>immiscui.</strong></span> <span class='ocrx_word' id='word_1_99' title='bbox 561 1054 636 1108; x_wconf 87' lang='lat' dir='ltr'><strong>Idem</strong></span> <span class='ocrx_word' id='word_1_100' title='bbox 666 1055 781 1128; x_wconf 84' lang='lat' dir='ltr'><strong>habitus,</strong></span> <span class='ocrx_word' id='word_1_101' title='bbox 806 1056 901 1110; x_wconf 88' lang='lat' dir='ltr'><strong>eadem</strong></span> <span class='ocrx_word' id='word_1_102' title='bbox 931 1073 1007 1108; x_wconf 85' lang='lat' dir='ltr'><strong>arma</strong></span> 
     </span>
     <span class='ocr_line' id='line_1_13' title="bbox 89 1125 1006 1196; baseline 0 -20"><span class='ocrx_word' id='word_1_103' title='bbox 89 1133 154 1177; x_wconf 87' lang='lat' dir='ltr'><strong>sunt</strong></span> <span class='ocrx_word' id='word_1_104' title='bbox 168 1125 261 1178; x_wconf 81' lang='lat' dir='ltr'><strong>vobis:</strong></span> <span class='ocrx_word' id='word_1_105' title='bbox 280 1125 437 1194; x_wconf 86' lang='lat' dir='ltr'><strong>obsequium</strong></span> <span class='ocrx_word' id='word_1_106' title='bbox 450 1141 511 1178; x_wconf 83' lang='lat' dir='ltr'><strong>vero</strong></span> <span class='ocrx_word' id='word_1_107' title='bbox 531 1133 557 1177; x_wconf 86' lang='lat' dir='ltr'><strong>et</strong></span> <span class='ocrx_word' id='word_1_108' title='bbox 575 1125 703 1194; x_wconf 89' lang='lat' dir='ltr'><strong>patientia</strong></span> <span class='ocrx_word' id='word_1_109' title='bbox 720 1126 823 1196; x_wconf 91' lang='lat' dir='ltr'><strong>imperii</strong></span> <span class='ocrx_word' id='word_1_110' title='bbox 841 1126 918 1193; x_wconf 85' lang='lat' dir='ltr'><strong>longe</strong></span> <span class='ocrx_word' id='word_1_111' title='bbox 931 1142 1006 1194; x_wconf 93' lang='lat' dir='ltr'><strong>prae·</strong></span> 
     </span>
     <span class='ocr_line' id='line_1_14' title="bbox 89 1194 1006 1264; baseline 0.002 -18"><span class='ocrx_word' id='word_1_112' title='bbox 89 1195 206 1247; x_wconf 89' lang='lat' dir='ltr'><strong>stantior</strong></span> <span class='ocrx_word' id='word_1_113' title='bbox 218 1203 266 1262; x_wconf 80' lang='lat' dir='ltr'><strong>est,</strong></span> <span class='ocrx_word' id='word_1_114' title='bbox 280 1211 362 1262; x_wconf 90' lang='lat' dir='ltr'><strong>quam</strong></span> <span class='ocrx_word' id='word_1_115' title='bbox 373 1195 478 1251; x_wconf 86' lang='lat' dir='ltr'><strong>ceteris.</strong></span> <span class='ocrx_word' id='word_1_116' title='bbox 515 1195 585 1262; x_wconf 88' lang='lat' dir='ltr'><strong>Ergo</strong></span> <span class='ocrx_word' id='word_1_117' title='bbox 598 1195 654 1264; x_wconf 89' lang='lat' dir='ltr'><strong>ipse</strong></span> <span class='ocrx_word' id='word_1_118' title='bbox 666 1195 790 1264; x_wconf 83' lang='lat' dir='ltr'><strong>Oxyartis</strong></span> <span class='ocrx_word' id='word_1_119' title='bbox 807 1195 904 1248; x_wconf 86' lang='lat' dir='ltr'><strong>Persae</strong></span> <span class='ocrx_word' id='word_1_120' title='bbox 922 1194 1006 1248; x_wconf 87' lang='lat' dir='ltr'><strong>filiam</strong></span> 
     </span>
     <span class='ocr_line' id='line_1_15' title="bbox 88 1263 1007 1334; baseline 0 -18"><span class='ocrx_word' id='word_1_121' title='bbox 88 1281 208 1316; x_wconf 85' lang='lat' dir='ltr'><strong>mecum</strong></span> <span class='ocrx_word' id='word_1_122' title='bbox 231 1263 450 1317; x_wconf 41' lang='lat' dir='ltr'><strong>invmatrimonio</strong></span> <span class='ocrx_word' id='word_1_123' title='bbox 473 1263 556 1334; x_wconf 82' lang='lat' dir='ltr'><strong>junxi,</strong></span> <span class='ocrx_word' id='word_1_124' title='bbox 580 1281 632 1316; x_wconf 91' lang='lat' dir='ltr'><strong>non</strong></span> <span class='ocrx_word' id='word_1_125' title='bbox 662 1263 821 1332; x_wconf 77' lang='lat' dir='ltr'><strong>dedignatus</strong></span> <span class='ocrx_word' id='word_1_126' title='bbox 844 1283 878 1318; x_wconf 87' lang='lat' dir='ltr'><strong>ex</strong></span> <span class='ocrx_word' id='word_1_127' title='bbox 901 1263 1007 1332; x_wconf 87' lang='lat' dir='ltr'><strong>captiva</strong></span> 
     </span>
     <span class='ocr_line' id='line_1_16' title="bbox 88 1332 1008 1402; baseline 0.002 -18"><span class='ocrx_word' id='word_1_128' title='bbox 88 1333 306 1386; x_wconf 87' lang='lat' dir='ltr'><strong>liberostollere.</strong></span> <span class='ocrx_word' id='word_1_129' title='bbox 342 1333 409 1386; x_wconf 83' lang='lat' dir='ltr'><strong>Mox</strong></span> <span class='ocrx_word' id='word_1_130' title='bbox 425 1333 522 1386; x_wconf 90' lang='lat' dir='ltr'><strong>deinde</strong></span> <span class='ocrx_word' id='word_1_131' title='bbox 540 1349 602 1386; x_wconf 90' lang='lat' dir='ltr'><strong>cum</strong></span> <span class='ocrx_word' id='word_1_132' title='bbox 621 1332 729 1402; x_wconf 83' lang='lat' dir='ltr'><strong>stirpem</strong></span> <span class='ocrx_word' id='word_1_133' title='bbox 761 1333 849 1387; x_wconf 88' lang='lat' dir='ltr'><strong>eneris</strong></span> <span class='ocrx_word' id='word_1_134' title='bbox 861 1334 914 1386; x_wconf 90' lang='lat' dir='ltr'><strong>mei</strong></span> <span class='ocrx_word' id='word_1_135' title='bbox 928 1333 1008 1386; x_wconf 88' lang='lat' dir='ltr'><strong>latius</strong></span> 
     </span>
     <span class='ocr_line' id='line_1_17' title="bbox 88 1351 1006 1472; baseline 0.001 -18"><span class='ocrx_word' id='word_1_136' title='bbox 88 1416 243 1472; x_wconf 79' lang='lat' dir='ltr'><strong>propagare</strong></span> <span class='ocrx_word' id='word_1_137' title='bbox 261 1419 396 1472; x_wconf 78' lang='lat' dir='ltr'><strong>cuperem,</strong></span> <span class='ocrx_word' id='word_1_138' title='bbox 409 1419 518 1456; x_wconf 81' lang='lat' dir='ltr'><strong>uxorem</strong></span> <span class='ocrx_word' id='word_1_139' title='bbox 536 1402 615 1456; x_wconf 91' lang='lat' dir='ltr'><strong>Darei</strong></span> <span class='ocrx_word' id='word_1_140' title='bbox 633 1402 715 1456; x_wconf 86' lang='lat' dir='ltr'><strong>filiam</strong></span> <span class='ocrx_word' id='word_1_141' title='bbox 735 1351 1006 1472; x_wconf 52' lang='lat' dir='ltr'><strong>duxi⁴pronimisqoe</strong></span> 
     </span>
     <span class='ocr_line' id='line_1_18' title="bbox 88 1443 1007 1542; baseline 0.001 -19"><span class='ocrx_word' id='word_1_142' title='bbox 88 1473 244 1525; x_wconf 82' lang='lat' dir='ltr'><strong>amicorum</strong></span> <span class='ocrx_word' id='word_1_143' title='bbox 265 1481 356 1525; x_wconf 83' lang='lat' dir='ltr'><strong>auctor</strong></span> <span class='ocrx_word' id='word_1_144' title='bbox 375 1469 415 1524; x_wconf 85' lang='lat' dir='ltr'><strong>lui</strong></span> <span class='ocrx_word' id='word_1_145' title='bbox 434 1489 468 1525; x_wconf 88' lang='lat' dir='ltr'><strong>ex</strong></span> <span class='ocrx_word' id='word_1_146' title='bbox 486 1471 600 1542; x_wconf 87' lang='lat' dir='ltr'><strong>captivis</strong></span> <span class='ocrx_word' id='word_1_147' title='bbox 619 1472 764 1540; x_wconf 88' lang='lat' dir='ltr'><strong>generandi</strong></span> <span class='ocrx_word' id='word_1_148' title='bbox 778 1443 890 1526; x_wconf 86' lang='lat' dir='ltr'><strong>liheros:</strong></span> <span class='ocrx_word' id='word_1_149' title='bbox 912 1482 940 1524; x_wconf 91' lang='lat' dir='ltr'><strong>ut</strong></span> <span class='ocrx_word' id='word_1_150' title='bbox 956 1472 1007 1524; x_wconf 93' lang='lat' dir='ltr'><strong>hoc</strong></span> 
     </span>
     <span class='ocr_line' id='line_1_19' title="bbox 89 1541 1021 1598; baseline -0.005 -4"><span class='ocrx_word' id='word_1_151' title='bbox 89 1557 170 1594; x_wconf 82' lang='lat' dir='ltr'><strong>sacro</strong></span> <span class='ocrx_word' id='word_1_152' title='bbox 191 1541 299 1594; x_wconf 82' lang='lat' dir='ltr'><strong>loedere</strong></span> <span class='ocrx_word' id='word_1_153' title='bbox 318 1558 397 1594; x_wconf 90' lang='lat' dir='ltr'><strong>omne</strong></span> <span class='ocrx_word' id='word_1_154' title='bbox 416 1542 559 1594; x_wconf 89' lang='lat' dir='ltr'><strong>discrimen</strong></span> <span class='ocrx_word' id='word_1_155' title='bbox 578 1542 642 1595; x_wconf 83' lang='lat' dir='ltr'><strong>victi</strong></span> <span class='ocrx_word' id='word_1_156' title='bbox 661 1551 688 1594; x_wconf 90' lang='lat' dir='ltr'><strong>et</strong></span> <span class='ocrx_word' id='word_1_157' title='bbox 703 1543 810 1596; x_wconf 85' lang='lat' dir='ltr'><strong>victoris</strong></span> <span class='ocrx_word' id='word_1_158' title='bbox 825 1541 1021 1598; x_wconf 62' lang='lat' dir='ltr'><strong>excluderem„</strong></span> 
     </span>
     <span class='ocr_line' id='line_1_20' title="bbox 88 1609 1006 1682; baseline 0 -19"><span class='ocrx_word' id='word_1_159' title='bbox 88 1609 209 1664; x_wconf 85' lang='lat' dir='ltr'><strong>Proinde</strong></span> <span class='ocrx_word' id='word_1_160' title='bbox 229 1611 332 1678; x_wconf 85' lang='lat' dir='ltr'><strong>genitos</strong></span> <span class='ocrx_word' id='word_1_161' title='bbox 351 1627 410 1664; x_wconf 90' lang='lat' dir='ltr'><strong>esse</strong></span> <span class='ocrx_word' id='word_1_162' title='bbox 430 1610 569 1682; x_wconf 79' lang='lat' dir='ltr'><strong>reamini,</strong></span> <span class='ocrx_word' id='word_1_163' title='bbox 590 1625 641 1664; x_wconf 90' lang='lat' dir='ltr'><strong>non</strong></span> <span class='ocrx_word' id='word_1_164' title='bbox 661 1613 759 1666; x_wconf 81' lang='lat' dir='ltr'><strong>ascitos</strong></span> <span class='ocrx_word' id='word_1_165' title='bbox 776 1612 875 1665; x_wconf 81' lang='lat' dir='ltr'><strong>milites</strong></span> <span class='ocrx_word' id='word_1_166' title='bbox 897 1611 1006 1664; x_wconf 87' lang='lat' dir='ltr'><strong>credite.</strong></span> 
     </span>
     <span class='ocr_line' id='line_1_21' title="bbox 88 1681 1007 1750; baseline 0 -16"><span class='ocrx_word' id='word_1_167' title='bbox 88 1681 178 1734; x_wconf 87' lang='lat' dir='ltr'><strong>Asiae</strong></span> <span class='ocrx_word' id='word_1_168' title='bbox 202 1690 229 1734; x_wconf 86' lang='lat' dir='ltr'><strong>et</strong></span> <span class='ocrx_word' id='word_1_169' title='bbox 253 1681 375 1750; x_wconf 86' lang='lat' dir='ltr'><strong>Europae</strong></span> <span class='ocrx_word' id='word_1_170' title='bbox 398 1697 480 1734; x_wconf 89' lang='lat' dir='ltr'><strong>unum</strong></span> <span class='ocrx_word' id='word_1_171' title='bbox 503 1690 584 1749; x_wconf 89' lang='lat' dir='ltr'><strong>atque</strong></span> <span class='ocrx_word' id='word_1_172' title='bbox 606 1681 680 1734; x_wconf 74' lang='lat' dir='ltr'><strong>&#39;idem</strong></span> <span class='ocrx_word' id='word_1_173' title='bbox 699 1699 810 1750; x_wconf 89' lang='lat' dir='ltr'><strong>regnum</strong></span> <span class='ocrx_word' id='word_1_174' title='bbox 830 1691 878 1734; x_wconf 87' lang='lat' dir='ltr'><strong>est.</strong></span> <span class='ocrx_word' id='word_1_175' title='bbox 914 1681 1007 1734; x_wconf 83' lang='lat' dir='ltr'><strong>Mace·</strong></span> 
     </span>
     <span class='ocr_line' id='line_1_22' title="bbox 89 1746 1009 1820; baseline 0.002 -18"><span class='ocrx_word' id='word_1_176' title='bbox 89 1749 197 1804; x_wconf 91' lang='lat' dir='ltr'><strong>donum</strong></span> <span class='ocrx_word' id='word_1_177' title='bbox 221 1749 296 1802; x_wconf 85' lang='lat' dir='ltr'><strong>robis</strong></span> <span class='ocrx_word' id='word_1_178' title='bbox 315 1766 390 1802; x_wconf 86' lang='lat' dir='ltr'><strong>erma</strong></span> <span class='ocrx_word' id='word_1_179' title='bbox 409 1750 452 1802; x_wconf 92' lang='lat' dir='ltr'><strong>d0.</strong></span> <span class='ocrx_word' id='word_1_180' title='bbox 488 1746 637 1804; x_wconf 85' lang='lat' dir='ltr'><strong>Inveteravi</strong></span> <span class='ocrx_word' id='word_1_181' title='bbox 657 1751 822 1820; x_wconf 86' lang='lat' dir='ltr'><strong>peregrinam</strong></span> <span class='ocrx_word' id='word_1_182' title='bbox 844 1751 1009 1820; x_wconf 77' lang='lat' dir='ltr'><strong>novitatem‚⁶</strong></span> 
     </span>
     <span class='ocr_line' id='line_1_23' title="bbox 89 1819 1007 1874; baseline 0.002 -4"><span class='ocrx_word' id='word_1_183' title='bbox 89 1828 118 1872; x_wconf 88' lang='lat' dir='ltr'><strong>et</strong></span> <span class='ocrx_word' id='word_1_184' title='bbox 130 1820 211 1872; x_wconf 86' lang='lat' dir='ltr'><strong>cives</strong></span> <span class='ocrx_word' id='word_1_185' title='bbox 229 1819 283 1871; x_wconf 88' lang='lat' dir='ltr'><strong>mei</strong></span> <span class='ocrx_word' id='word_1_186' title='bbox 302 1819 367 1871; x_wconf 84' lang='lat' dir='ltr'><strong>estis</strong></span> <span class='ocrx_word' id='word_1_187' title='bbox 385 1829 412 1872; x_wconf 92' lang='lat' dir='ltr'><strong>et</strong></span> <span class='ocrx_word' id='word_1_188' title='bbox 430 1819 537 1872; x_wconf 87' lang='lat' dir='ltr'><strong>milites.</strong></span> <span class='ocrx_word' id='word_1_189' title='bbox 573 1819 668 1873; x_wconf 90' lang='lat' dir='ltr'><strong>Omnia</strong></span> <span class='ocrx_word' id='word_1_190' title='bbox 686 1820 801 1874; x_wconf 85' lang='lat' dir='ltr'><strong>eundem</strong></span> <span class='ocrx_word' id='word_1_191' title='bbox 821 1820 920 1873; x_wconf 91' lang='lat' dir='ltr'><strong>ducunt</strong></span> <span class='ocrx_word' id='word_1_192' title='bbox 939 1821 1007 1872; x_wconf 93' lang='lat' dir='ltr'><strong>colo·</strong></span> 
     </span>
     <span class='ocr_line' id='line_1_24' title="bbox 90 1887 1006 1942; baseline 0.001 -1"><span class='ocrx_word' id='word_1_193' title='bbox 90 1905 168 1941; x_wconf 89' lang='lat' dir='ltr'><strong>rem:</strong></span> <span class='ocrx_word' id='word_1_194' title='bbox 189 1905 239 1941; x_wconf 90' lang='lat' dir='ltr'><strong>nec</strong></span> <span class='ocrx_word' id='word_1_195' title='bbox 252 1889 339 1940; x_wconf 87' lang='lat' dir='ltr'><strong>Persia</strong></span> <span class='ocrx_word' id='word_1_196' title='bbox 351 1887 532 1941; x_wconf 89' lang='lat' dir='ltr'><strong>Macedonum</strong></span> <span class='ocrx_word' id='word_1_197' title='bbox 549 1906 651 1942; x_wconf 91' lang='lat' dir='ltr'><strong>morem</strong></span> <span class='ocrx_word' id='word_1_198' title='bbox 669 1889 827 1941; x_wconf 87' lang='lat' dir='ltr'><strong>adumbrare</strong></span> <span class='ocrx_word' id='word_1_199' title='bbox 846 1907 896 1942; x_wconf 88' lang='lat' dir='ltr'><strong>nec</strong></span> <span class='ocrx_word' id='word_1_200' title='bbox 914 1890 1006 1942; x_wconf 85' lang='lat' dir='ltr'><strong>Mace·</strong></span> 
     </span>
     <span class='ocr_line' id='line_1_25' title="bbox 89 1957 1007 2028; baseline 0 -18"><span class='ocrx_word' id='word_1_201' title='bbox 89 1957 210 2012; x_wconf 88' lang='lat' dir='ltr'><strong>donibus</strong></span> <span class='ocrx_word' id='word_1_202' title='bbox 239 1957 334 2010; x_wconf 80' lang='lat' dir='ltr'><strong>Persae</strong></span> <span class='ocrx_word' id='word_1_203' title='bbox 363 1958 458 2010; x_wconf 89' lang='lat' dir='ltr'><strong>imitari</strong></span> <span class='ocrx_word' id='word_1_204' title='bbox 487 1958 650 2012; x_wconf 89' lang='lat' dir='ltr'><strong>indecorum.</strong></span> <span class='ocrx_word' id='word_1_205' title='bbox 695 1957 824 2027; x_wconf 84' lang='lat' dir='ltr'><strong>Ejusdem</strong></span> <span class='ocrx_word' id='word_1_206' title='bbox 853 1957 918 2028; x_wconf 84' lang='lat' dir='ltr'><strong>juris</strong></span> <span class='ocrx_word' id='word_1_207' title='bbox 946 1975 1007 2011; x_wconf 86' lang='lat' dir='ltr'><strong>esse</strong></span> 
     </span>
     <span class='ocr_line' id='line_1_26' title="bbox 90 2025 850 2097; baseline 0.001 -17"><span class='ocrx_word' id='word_1_208' title='bbox 90 2025 204 2097; x_wconf 87' lang='lat' dir='ltr'><strong>debent,</strong></span> <span class='ocrx_word' id='word_1_209' title='bbox 218 2027 262 2096; x_wconf 90' lang='lat' dir='ltr'><strong>qui</strong></span> <span class='ocrx_word' id='word_1_210' title='bbox 275 2027 326 2080; x_wconf 88' lang='lat' dir='ltr'><strong>sub</strong></span> <span class='ocrx_word' id='word_1_211' title='bbox 338 2026 433 2080; x_wconf 88' lang='lat' dir='ltr'><strong>eodem</strong></span> <span class='ocrx_word' id='word_1_212' title='bbox 447 2045 508 2096; x_wconf 87' lang='lat' dir='ltr'><strong>rege</strong></span> <span class='ocrx_word' id='word_1_213' title='bbox 521 2028 615 2081; x_wconf 85' lang='lat' dir='ltr'><strong>victuri</strong></span> <span class='ocrx_word' id='word_1_214' title='bbox 627 2037 689 2082; x_wconf 86' lang='lat' dir='ltr'><strong>eunt</strong></span> <span class='ocrx_word' id='word_1_215' title='bbox 725 2029 742 2064; x_wconf 70' lang='lat'><strong>²*</strong></span> <span class='ocrx_word' id='word_1_216' title='bbox 779 2029 796 2063; x_wconf 81' lang='lat'><em>*</em></span> <span class='ocrx_word' id='word_1_217' title='bbox 833 2029 850 2064; x_wconf 62' lang='lat'><strong>*²</strong></span> 
     </span>
    </p>
   </div>
   <div class='ocr_carea' id='block_1_3' title="bbox 458 2179 646 2214">
    <p class='ocr_par' dir='ltr' id='par_1_3' title="bbox 458 2179 646 2214">
     <span class='ocr_line' id='line_1_27' title="bbox 458 2179 646 2214; baseline -0.011 0"><span class='ocrx_word' id='word_1_218' title='bbox 458 2179 646 2214; x_wconf 65' lang='lat' dir='ltr'><strong>mmmmm.</strong></span> 
     </span>
    </p>
   </div>
   <div class='ocr_carea' id='block_1_4' title="bbox 87 2275 1008 2540">
    <p class='ocr_par' dir='ltr' id='par_1_4' title="bbox 87 2275 1008 2540">
     <span class='ocr_line' id='line_1_28' title="bbox 125 2275 1008 2338; baseline 0.005 -14"><span class='ocrx_word' id='word_1_219' title='bbox 125 2276 196 2338; x_wconf 85' lang='lat' dir='ltr'><strong>[Hae</strong></span> <span class='ocrx_word' id='word_1_220' title='bbox 204 2277 311 2326; x_wconf 80' lang='lat' dir='ltr'><strong>oratione</strong></span> <span class='ocrx_word' id='word_1_221' title='bbox 319 2275 410 2336; x_wconf 84' lang='lat' dir='ltr'><strong>habita,</strong></span> <span class='ocrx_word' id='word_1_222' title='bbox 415 2275 497 2325; x_wconf 89' lang='lat' dir='ltr'><strong>Persis</strong></span> <span class='ocrx_word' id='word_1_223' title='bbox 504 2277 610 2338; x_wconf 89' lang='lat' dir='ltr'><strong>corporis</strong></span> <span class='ocrx_word' id='word_1_224' title='bbox 618 2277 656 2326; x_wconf 87' lang='lat' dir='ltr'><strong>sui</strong></span> <span class='ocrx_word' id='word_1_225' title='bbox 662 2277 797 2326; x_wconf 82' lang='lat' dir='ltr'><strong>custodiam</strong></span> <span class='ocrx_word' id='word_1_226' title='bbox 806 2277 915 2338; x_wconf 81' lang='lat' dir='ltr'><strong>credidit,</strong></span> <span class='ocrx_word' id='word_1_227' title='bbox 920 2277 1008 2328; x_wconf 81' lang='lat' dir='ltr'><strong>Persas</strong></span> 
     </span>
     <span class='ocr_line' id='line_1_29' title="bbox 91 2341 1008 2407; baseline 0.004 -17"><span class='ocrx_word' id='word_1_228' title='bbox 91 2341 221 2400; x_wconf 82' lang='lat' dir='ltr'><strong>satellites,</strong></span> <span class='ocrx_word' id='word_1_229' title='bbox 229 2341 317 2390; x_wconf 87' lang='lat' dir='ltr'><strong>Persas</strong></span> <span class='ocrx_word' id='word_1_230' title='bbox 323 2341 473 2405; x_wconf 85' lang='lat' dir='ltr'><strong>apparitores</strong></span> <span class='ocrx_word' id='word_1_231' title='bbox 481 2341 545 2390; x_wconf 79' lang='lat' dir='ltr'><strong>fecit</strong></span> <span class='ocrx_word' id='word_1_232' title='bbox 562 2342 734 2404; x_wconf 86' lang='lat' dir='ltr'><strong>Perquoscum</strong></span> <span class='ocrx_word' id='word_1_233' title='bbox 743 2343 897 2402; x_wconf 86' lang='lat' dir='ltr'><strong>Macedones,</strong></span> <span class='ocrx_word' id='word_1_234' title='bbox 904 2343 1008 2407; x_wconf 84' lang='lat' dir='ltr'><strong>quihuie</strong></span> 
     </span>
     <span class='ocr_line' id='line_1_30' title="bbox 91 2406 1007 2472; baseline 0.005 -18"><span class='ocrx_word' id='word_1_235' title='bbox 91 2406 211 2456; x_wconf 86' lang='lat' dir='ltr'><strong>seditioni</strong></span> <span class='ocrx_word' id='word_1_236' title='bbox 218 2407 371 2455; x_wconf 87' lang='lat' dir='ltr'><strong>occasionem</strong></span> <span class='ocrx_word' id='word_1_237' title='bbox 381 2407 511 2464; x_wconf 87' lang='lat' dir='ltr'><strong>dedissent,</strong></span> <span class='ocrx_word' id='word_1_238' title='bbox 516 2407 592 2456; x_wconf 85' lang='lat' dir='ltr'><strong>vincti</strong></span> <span class='ocrx_word' id='word_1_239' title='bbox 600 2409 631 2455; x_wconf 86' lang='lat' dir='ltr'><strong>ed</strong></span> <span class='ocrx_word' id='word_1_240' title='bbox 639 2408 757 2472; x_wconf 87' lang='lat' dir='ltr'><strong>supplicia</strong></span> <span class='ocrx_word' id='word_1_241' title='bbox 763 2409 924 2468; x_wconf 83' lang='lat' dir='ltr'><strong>traherentur,</strong></span> <span class='ocrx_word' id='word_1_242' title='bbox 931 2427 1007 2460; x_wconf 91' lang='lat' dir='ltr'><strong>unum</strong></span> 
     </span>
     <span class='ocr_line' id='line_1_31' title="bbox 87 2471 1001 2540; baseline 0.003 -18"><span class='ocrx_word' id='word_1_243' title='bbox 87 2483 123 2522; x_wconf 72' lang='lat' dir='ltr'><strong>&#39;ex</strong></span> <span class='ocrx_word' id='word_1_244' title='bbox 134 2471 176 2532; x_wconf 83' lang='lat' dir='ltr'><strong>iis,</strong></span> <span class='ocrx_word' id='word_1_245' title='bbox 188 2472 331 2520; x_wconf 81' lang='lat' dir='ltr'><strong>auctoritate</strong></span> <span class='ocrx_word' id='word_1_246' title='bbox 343 2477 368 2522; x_wconf 83' lang='lat' dir='ltr'><strong>et</strong></span> <span class='ocrx_word' id='word_1_247' title='bbox 379 2478 458 2521; x_wconf 81' lang='lat' dir='ltr'><strong>aetate</strong></span> <span class='ocrx_word' id='word_1_248' title='bbox 470 2488 578 2538; x_wconf 85' lang='lat' dir='ltr'><strong>gravem,</strong></span> <span class='ocrx_word' id='word_1_249' title='bbox 590 2475 621 2522; x_wconf 85' lang='lat' dir='ltr'><strong>ed</strong></span> <span class='ocrx_word' id='word_1_250' title='bbox 632 2490 715 2540; x_wconf 86' lang='lat' dir='ltr'><strong>regem</strong></span> <span class='ocrx_word' id='word_1_251' title='bbox 728 2475 763 2524; x_wconf 86' lang='lat' dir='ltr'><strong>ita</strong></span> <span class='ocrx_word' id='word_1_252' title='bbox 773 2475 880 2524; x_wconf 90' lang='lat' dir='ltr'><strong>locutum</strong></span> <span class='ocrx_word' id='word_1_253' title='bbox 893 2475 974 2525; x_wconf 72' lang='lat' dir='ltr'><strong>fierunt</strong></span> <span class='ocrx_word' id='word_1_254' title='bbox 982 2479 1001 2540; x_wconf 77' lang='lat' dir='ltr'><strong>z]</strong></span> 
     </span>
    </p>
   </div>
   <div class='ocr_carea' id='block_1_5' title="bbox 94 2580 1007 2728">
    <p class='ocr_par' dir='ltr' id='par_1_5' title="bbox 94 2580 1007 2728">
     <span class='ocr_line' id='line_1_32' title="bbox 132 2580 1007 2658; baseline 0.006 -21"><span class='ocrx_word' id='word_1_255' title='bbox 132 2590 173 2637; x_wconf 75' lang='lat' dir='ltr'><strong>ta:</strong></span> <span class='ocrx_word' id='word_1_256' title='bbox 192 2585 344 2654; x_wconf 80' lang='lat' dir='ltr'><strong>Quousque,</strong></span> <span class='ocrx_word' id='word_1_257' title='bbox 365 2585 456 2654; x_wconf 86' lang='lat' dir='ltr'><strong>inquit,</strong></span> <span class='ocrx_word' id='word_1_258' title='bbox 476 2587 566 2638; x_wconf 89' lang='lat' dir='ltr'><strong>animo</strong></span> <span class='ocrx_word' id='word_1_259' title='bbox 588 2595 631 2640; x_wconf 87' lang='lat' dir='ltr'><strong>tuo</strong></span> <span class='ocrx_word' id='word_1_260' title='bbox 652 2588 733 2641; x_wconf 84' lang='lat' dir='ltr'><strong>etism</strong></span> <span class='ocrx_word' id='word_1_261' title='bbox 754 2605 802 2658; x_wconf 90' lang='lat' dir='ltr'><strong>per</strong></span> <span class='ocrx_word' id='word_1_262' title='bbox 821 2580 956 2658; x_wconf 87' lang='lat' dir='ltr'><strong>supplicia,</strong></span> <span class='ocrx_word' id='word_1_263' title='bbox 978 2596 1007 2642; x_wconf 89' lang='lat' dir='ltr'><strong>et</strong></span> 
     </span>
     <span class='ocr_line' id='line_1_33' title="bbox 94 2654 1005 2728; baseline 0.002 -22"><span class='ocrx_word' id='word_1_264' title='bbox 94 2655 209 2724; x_wconf 89' lang='lat' dir='ltr'><strong>quidem</strong></span> <span class='ocrx_word' id='word_1_265' title='bbox 229 2654 332 2709; x_wconf 83' lang='lat' dir='ltr'><strong>externi</strong></span> <span class='ocrx_word' id='word_1_266' title='bbox 352 2655 451 2723; x_wconf 69' lang='grc' dir='ltr'><strong>ῐῐιοτίε,ὃ</strong></span> <span class='ocrx_word' id='word_1_267' title='bbox 470 2655 643 2724; x_wconf 65' lang='lat' dir='ltr'><strong>obsequeris?</strong></span> <span class='ocrx_word' id='word_1_268' title='bbox 679 2658 781 2712; x_wconf 89' lang='lat' dir='ltr'><strong>Milites</strong></span> <span class='ocrx_word' id='word_1_269' title='bbox 802 2658 846 2724; x_wconf 86' lang='lat' dir='ltr'><strong>tui,</strong></span> <span class='ocrx_word' id='word_1_270' title='bbox 867 2658 940 2710; x_wconf 85' lang='lat' dir='ltr'><strong>cives</strong></span> <span class='ocrx_word' id='word_1_271' title='bbox 960 2655 1005 2728; x_wconf 83' lang='lat' dir='ltr'><strong>tui,</strong></span> 
     </span>
    </p>
   </div>
   <div class='ocr_carea' id='block_1_6' title="bbox 89 2769 1007 3484">
    <p class='ocr_par' dir='ltr' id='par_1_6' title="bbox 89 2769 946 2892">
     <span class='ocr_line' id='line_1_34' title="bbox 125 2769 946 2830; baseline 0 -12"><span class='ocrx_word' id='word_1_272' title='bbox 125 2779 133 2800; x_wconf 88' lang='lat'><em>¹</em></span> <span class='ocrx_word' id='word_1_273' title='bbox 144 2772 172 2819; x_wconf 94' lang='lat' dir='ltr'><strong>In</strong></span> <span class='ocrx_word' id='word_1_274' title='bbox 183 2771 332 2819; x_wconf 83' lang='lat' dir='ltr'><strong>invocatione</strong></span> <span class='ocrx_word' id='word_1_275' title='bbox 343 2770 385 2818; x_wconf 86' lang='lat' dir='ltr'><strong>the</strong></span> <span class='ocrx_word' id='word_1_276' title='bbox 397 2771 505 2818; x_wconf 82' lang='lat' dir='ltr'><strong>vocative</strong></span> <span class='ocrx_word' id='word_1_277' title='bbox 517 2771 620 2818; x_wconf 82' lang='lat' dir='ltr'><strong>Hercule</strong></span> <span class='ocrx_word' id='word_1_278' title='bbox 630 2787 714 2828; x_wconf 77' lang='lat' dir='ltr'><strong>occurs</strong></span> <span class='ocrx_word' id='word_1_279' title='bbox 725 2785 792 2819; x_wconf 89' lang='lat' dir='ltr'><strong>more</strong></span> <span class='ocrx_word' id='word_1_280' title='bbox 802 2769 946 2830; x_wconf 81' lang='lat' dir='ltr'><strong>frequently.</strong></span> 
     </span>
     <span class='ocr_line' id='line_1_35' title="bbox 89 2828 824 2892; baseline -0.004 -14"><span class='ocrx_word' id='word_1_281' title='bbox 89 2833 91 2839; x_wconf 90' lang='lat'>&#39;</span> <span class='ocrx_word' id='word_1_282' title='bbox 125 2831 225 2891; x_wconf 66' lang='lat' dir='ltr'><strong>nAeque</strong></span> <span class='ocrx_word' id='word_1_283' title='bbox 235 2831 366 2878; x_wconf 81' lang='lat' dir='ltr'><strong>animorum</strong></span> <span class='ocrx_word' id='word_1_284' title='bbox 377 2838 397 2877; x_wconf 81' lang='lat' dir='ltr'><strong>et</strong></span> <span class='ocrx_word' id='word_1_285' title='bbox 409 2835 494 2892; x_wconf 80' lang='lat' dir='ltr'><strong>(atque)</strong></span> <span class='ocrx_word' id='word_1_286' title='bbox 504 2847 623 2892; x_wconf 81' lang='lat' dir='ltr'><strong>corporum</strong></span> <span class='ocrx_word' id='word_1_287' title='bbox 634 2846 673 2878; x_wconf 86' lang='lat' dir='ltr'><strong>are</strong></span> <span class='ocrx_word' id='word_1_288' title='bbox 684 2828 824 2878; x_wconf 85' lang='lat' dir='ltr'><strong>connected.</strong></span> 
     </span>
    </p>

    <p class='ocr_par' dir='ltr' id='par_1_7' title="bbox 97 2887 1007 3484">
     <span class='ocr_line' id='line_1_36' title="bbox 127 2887 1007 2948; baseline 0.001 -10"><span class='ocrx_word' id='word_1_289' title='bbox 127 2897 136 2920; x_wconf 83' lang='lat'>¹</span> <span class='ocrx_word' id='word_1_290' title='bbox 147 2891 212 2938; x_wconf 86' lang='lat' dir='ltr'><strong>Here</strong></span> <span class='ocrx_word' id='word_1_291' title='bbox 222 2905 259 2937; x_wconf 91' lang='lat' dir='ltr'><strong>we</strong></span> <span class='ocrx_word' id='word_1_292' title='bbox 268 2889 317 2938; x_wconf 90' lang='lat' dir='ltr'><strong>find</strong></span> <span class='ocrx_word' id='word_1_293' title='bbox 329 2889 370 2936; x_wconf 91' lang='lat' dir='ltr'><strong>the</strong></span> <span class='ocrx_word' id='word_1_294' title='bbox 381 2889 457 2948; x_wconf 88' lang='lat' dir='ltr'><strong>origin</strong></span> <span class='ocrx_word' id='word_1_295' title='bbox 464 2889 491 2936; x_wconf 88' lang='lat' dir='ltr'><strong>ol&#39;</strong></span> <span class='ocrx_word' id='word_1_296' title='bbox 499 2889 540 2936; x_wconf 90' lang='lat' dir='ltr'><strong>the</strong></span> <span class='ocrx_word' id='word_1_297' title='bbox 549 2889 628 2936; x_wconf 88' lang='lat' dir='ltr'><strong>words</strong></span> <span class='ocrx_word' id='word_1_298' title='bbox 642 2890 734 2948; x_wconf 86' lang='lat' dir='ltr'><strong>‘corps’</strong></span> <span class='ocrx_word' id='word_1_299' title='bbox 745 2887 791 2936; x_wconf 86' lang='lat' dir='ltr'><strong>and</strong></span> <span class='ocrx_word' id='word_1_300' title='bbox 802 2889 973 2948; x_wconf 87' lang='lat' dir='ltr'><strong>‘corporation’</strong></span> <span class='ocrx_word' id='word_1_301' title='bbox 982 2890 1007 2939; x_wconf 92' lang='lat' dir='ltr'><strong>in</strong></span> 
     </span>
     <span class='ocr_line' id='line_1_37' title="bbox 97 2947 1006 3029; baseline 0 -31"><span class='ocrx_word' id='word_1_302' title='bbox 97 2949 200 3019; x_wconf 79' lang='lat' dir='ltr'><strong>modern</strong></span> <span class='ocrx_word' id='word_1_303' title='bbox 210 2949 350 3009; x_wconf 81' lang='lat' dir='ltr'><strong>languages.</strong></span> <span class='ocrx_word' id='word_1_304' title='bbox 384 2948 470 3029; x_wconf 61' lang='lat' dir='ltr'><strong>Cicero</strong></span> <span class='ocrx_word' id='word_1_305' title='bbox 481 2948 538 2995; x_wconf 90' lang='lat' dir='ltr'><strong>dces</strong></span> <span class='ocrx_word' id='word_1_306' title='bbox 550 2957 591 2995; x_wconf 90' lang='lat' dir='ltr'><strong>not</strong></span> <span class='ocrx_word' id='word_1_307' title='bbox 603 2963 739 3016; x_wconf 27' lang='lat' dir='ltr'><strong>uselcotpoe</strong></span> <span class='ocrx_word' id='word_1_308' title='bbox 750 2947 775 2996; x_wconf 89' lang='lat' dir='ltr'><strong>in</strong></span> <span class='ocrx_word' id='word_1_309' title='bbox 787 2947 834 2996; x_wconf 88' lang='lat' dir='ltr'><strong>this</strong></span> <span class='ocrx_word' id='word_1_310' title='bbox 845 2963 916 2996; x_wconf 89' lang='lat' dir='ltr'><strong>sense</strong></span> <span class='ocrx_word' id='word_1_311' title='bbox 933 2947 961 2995; x_wconf 82' lang='lat' dir='ltr'><strong>of</strong></span> <span class='ocrx_word' id='word_1_312' title='bbox 975 2954 1006 2998; x_wconf 79' lang='lat' dir='ltr'><strong>‘a</strong></span> 
     </span>
     <span class='ocr_line' id='line_1_38' title="bbox 98 3006 1006 3134; baseline -0.001 -18"><span class='ocrx_word' id='word_1_313' title='bbox 98 3009 203 3116; x_wconf 52' lang='lat' dir='ltr'><strong>dlytgthqr</strong></span> <span class='ocrx_word' id='word_1_314' title='bbox 209 3007 470 3122; x_wconf 48' lang='lat' dir='ltr'><strong>gafasthhlleedllieaheihht,</strong></span> <span class='ocrx_word' id='word_1_315' title='bbox 479 3006 663 3134; x_wconf 49' lang='grc' dir='ltr'><strong>ῗέριιιὲἔέτῖἰοίῐηὲ</strong></span> <span class='ocrx_word' id='word_1_316' title='bbox 670 3010 776 3114; x_wconf 41' lang='lat' dir='ltr'><strong>&amp;iiiior</strong></span> <span class='ocrx_word' id='word_1_317' title='bbox 786 3066 893 3122; x_wconf 86' lang='lat' dir='ltr'><strong>authors,</strong></span> <span class='ocrx_word' id='word_1_318' title='bbox 906 3067 953 3114; x_wconf 88' lang='lat' dir='ltr'><strong>had</strong></span> <span class='ocrx_word' id='word_1_319' title='bbox 964 3066 1006 3116; x_wconf 89' lang='lat' dir='ltr'><strong>the</strong></span> 
     </span>
     <span class='ocr_line' id='line_1_39' title="bbox 98 3125 1006 3186; baseline -0.001 -10"><span class='ocrx_word' id='word_1_320' title='bbox 98 3143 167 3176; x_wconf 85' lang='lat' dir='ltr'><strong>samo</strong></span> <span class='ocrx_word' id='word_1_321' title='bbox 178 3143 248 3175; x_wconf 87' lang='lat' dir='ltr'><strong>neme</strong></span> <span class='ocrx_word' id='word_1_322' title='bbox 260 3143 286 3174; x_wconf 86' lang='lat' dir='ltr'><strong>as</strong></span> <span class='ocrx_word' id='word_1_323' title='bbox 298 3125 341 3173; x_wconf 89' lang='lat' dir='ltr'><strong>her</strong></span> <span class='ocrx_word' id='word_1_324' title='bbox 351 3126 454 3181; x_wconf 88' lang='lat' dir='ltr'><strong>mother,</strong></span> <span class='ocrx_word' id='word_1_325' title='bbox 468 3125 564 3173; x_wconf 83' lang='lat' dir='ltr'><strong>Statua.</strong></span> <span class='ocrx_word' id='word_1_326' title='bbox 597 3125 696 3174; x_wconf 83' lang='lat' dir='ltr'><strong>Curtius</strong></span> <span class='ocrx_word' id='word_1_327' title='bbox 713 3134 777 3174; x_wconf 90' lang='lat' dir='ltr'><strong>must</strong></span> <span class='ocrx_word' id='word_1_328' title='bbox 794 3125 854 3174; x_wconf 84' lang='lat' dir='ltr'><strong>have</strong></span> <span class='ocrx_word' id='word_1_329' title='bbox 870 3125 962 3186; x_wconf 84' lang='lat' dir='ltr'><strong>epolten</strong></span> <span class='ocrx_word' id='word_1_330' title='bbox 978 3125 1006 3175; x_wconf 89' lang='lat' dir='ltr'><strong>of</strong></span> 
     </span>
     <span class='ocr_line' id='line_1_40' title="bbox 98 3183 1005 3253; baseline 0 -19"><span class='ocrx_word' id='word_1_331' title='bbox 98 3186 149 3235; x_wconf 90' lang='lat' dir='ltr'><strong>this</strong></span> <span class='ocrx_word' id='word_1_332' title='bbox 166 3187 282 3246; x_wconf 85' lang='lat' dir='ltr'><strong>marriage</strong></span> <span class='ocrx_word' id='word_1_333' title='bbox 298 3185 386 3238; x_wconf 86' lang='lat' dir='ltr'><strong>(which</strong></span> <span class='ocrx_word' id='word_1_334' title='bbox 403 3185 462 3233; x_wconf 86' lang='lat' dir='ltr'><strong>took</strong></span> <span class='ocrx_word' id='word_1_335' title='bbox 478 3185 544 3244; x_wconf 88' lang='lat' dir='ltr'><strong>place</strong></span> <span class='ocrx_word' id='word_1_336' title='bbox 561 3184 647 3245; x_wconf 88' lang='lat' dir='ltr'><strong>during</strong></span> <span class='ocrx_word' id='word_1_337' title='bbox 657 3183 821 3253; x_wconf 55' lang='lat' dir='ltr'><strong>Alexander’s</strong></span> <span class='ocrx_word' id='word_1_338' title='bbox 832 3194 886 3246; x_wconf 83' lang='lat' dir='ltr'><strong>stay</strong></span> <span class='ocrx_word' id='word_1_339' title='bbox 897 3186 921 3234; x_wconf 90' lang='lat' dir='ltr'><strong>in</strong></span> <span class='ocrx_word' id='word_1_340' title='bbox 933 3185 1005 3244; x_wconf 85' lang='lat' dir='ltr'><strong>Susa,</strong></span> 
     </span>
     <span class='ocr_line' id='line_1_41' title="bbox 98 3243 1006 3314; baseline -0.001 -20"><span class='ocrx_word' id='word_1_341' title='bbox 98 3245 161 3294; x_wconf 84' lang='lat' dir='ltr'><strong>aster</strong></span> <span class='ocrx_word' id='word_1_342' title='bbox 171 3245 209 3294; x_wconf 89' lang='lat' dir='ltr'><strong>his</strong></span> <span class='ocrx_word' id='word_1_343' title='bbox 220 3256 301 3294; x_wconf 91' lang='lat' dir='ltr'><strong>return</strong></span> <span class='ocrx_word' id='word_1_344' title='bbox 312 3244 373 3292; x_wconf 90' lang='lat' dir='ltr'><strong>srom</strong></span> <span class='ocrx_word' id='word_1_345' title='bbox 385 3244 462 3298; x_wconf 87' lang='lat' dir='ltr'><strong>India)</strong></span> <span class='ocrx_word' id='word_1_346' title='bbox 474 3243 498 3311; x_wconf 81' lang='lat' dir='ltr'><strong>in</strong></span> <span class='ocrx_word' id='word_1_347' title='bbox 509 3244 549 3290; x_wconf 90' lang='lat' dir='ltr'><strong>the</strong></span> <span class='ocrx_word' id='word_1_348' title='bbox 561 3254 613 3304; x_wconf 87' lang='lat' dir='ltr'><strong>part</strong></span> <span class='ocrx_word' id='word_1_349' title='bbox 625 3243 653 3292; x_wconf 83' lang='lat' dir='ltr'><strong>of</strong></span> <span class='ocrx_word' id='word_1_350' title='bbox 659 3243 697 3292; x_wconf 84' lang='lat' dir='ltr'><strong>lus</strong></span> <span class='ocrx_word' id='word_1_351' title='bbox 708 3244 801 3314; x_wconf 85' lang='lat' dir='ltr'><strong>history</strong></span> <span class='ocrx_word' id='word_1_352' title='bbox 812 3245 863 3293; x_wconf 88' lang='lat' dir='ltr'><strong>that</strong></span> <span class='ocrx_word' id='word_1_353' title='bbox 875 3245 896 3292; x_wconf 85' lang='lat' dir='ltr'><strong>ie</strong></span> <span class='ocrx_word' id='word_1_354' title='bbox 905 3245 952 3293; x_wconf 90' lang='lat' dir='ltr'><strong>lost</strong></span> <span class='ocrx_word' id='word_1_355' title='bbox 964 3247 1006 3294; x_wconf 87' lang='lat' dir='ltr'><strong>be·</strong></span> 
     </span>
     <span class='ocr_line' id='line_1_42' title="bbox 98 3303 1004 3431; baseline -0.002 -19"><span class='ocrx_word' id='word_1_356' title='bbox 98 3305 326 3424; x_wconf 32' lang='lat' dir='ltr'><strong>thesinhiiihtffliyfi</strong></span> <span class='ocrx_word' id='word_1_357' title='bbox 338 3303 409 3424; x_wconf 54' lang='lat' dir='ltr'><strong>iiiia}</strong></span> <span class='ocrx_word' id='word_1_358' title='bbox 420 3303 447 3409; x_wconf 66' lang='lat' dir='ltr'><strong>toti</strong></span> <span class='ocrx_word' id='word_1_359' title='bbox 456 3303 683 3429; x_wconf 55' lang='lat' dir='ltr'><strong>ihii‚i2hkiecruits</strong></span> <span class='ocrx_word' id='word_1_360' title='bbox 694 3377 720 3410; x_wconf 89' lang='lat' dir='ltr'><strong>as</strong></span> <span class='ocrx_word' id='word_1_361' title='bbox 732 3377 836 3422; x_wconf 78' lang='lat' dir='ltr'><strong>yonam,</strong></span> <span class='ocrx_word' id='word_1_362' title='bbox 851 3362 891 3431; x_wconf 79' lang='lat' dir='ltr'><strong>the</strong></span> <span class='ocrx_word' id='word_1_363' title='bbox 903 3377 967 3410; x_wconf 86' lang='lat' dir='ltr'><strong>arms</strong></span> <span class='ocrx_word' id='word_1_364' title='bbox 975 3362 1004 3410; x_wconf 80' lang='lat' dir='ltr'><strong>of</strong></span> 
     </span>
     <span class='ocr_line' id='line_1_43' title="bbox 99 3378 1005 3484; baseline 0 -14"><span class='ocrx_word' id='word_1_365' title='bbox 99 3437 139 3484; x_wconf 90' lang='lat' dir='ltr'><strong>my</strong></span> <span class='ocrx_word' id='word_1_366' title='bbox 151 3423 190 3470; x_wconf 91' lang='lat' dir='ltr'><strong>old</strong></span> <span class='ocrx_word' id='word_1_367' title='bbox 203 3423 305 3471; x_wconf 90' lang='lat' dir='ltr'><strong>soldiers</strong></span> <span class='ocrx_word' id='word_1_368' title='bbox 312 3378 354 3469; x_wconf 61' lang='lat' dir='ltr'><strong>tfie</strong></span> <span class='ocrx_word' id='word_1_369' title='bbox 362 3421 544 3476; x_wconf 79' lang='lat' dir='ltr'><strong>Macedoniam,</strong></span> <span class='ocrx_word' id='word_1_370' title='bbox 554 3421 565 3469; x_wconf 92' lang='lat'><em>1</em></span> <span class='ocrx_word' id='word_1_371' title='bbox 575 3421 636 3470; x_wconf 83' lang='lat' dir='ltr'><strong>hove</strong></span> <span class='ocrx_word' id='word_1_372' title='bbox 645 3421 714 3470; x_wconf 88' lang='lat' dir='ltr'><strong>made</strong></span> <span class='ocrx_word' id='word_1_373' title='bbox 722 3437 770 3482; x_wconf 89' lang='lat' dir='ltr'><strong>you</strong></span> <span class='ocrx_word' id='word_1_374' title='bbox 779 3421 818 3470; x_wconf 95' lang='lat' dir='ltr'><strong>old</strong></span> <span class='ocrx_word' id='word_1_375' title='bbox 827 3421 928 3470; x_wconf 81' lang='lat' dir='ltr'><strong>soldiers</strong></span> <span class='ocrx_word' id='word_1_376' title='bbox 936 3421 1005 3470; x_wconf 81' lang='lat' dir='ltr'><strong>uleo.¹</strong></span> 
     </span>
    </p>
   </div>
   <div class='ocr_carea' id='block_1_7' title="bbox 127 3485 1007 3551">
    <p class='ocr_par' dir='ltr' id='par_1_8' title="bbox 127 3485 1007 3551">
     <span class='ocr_line' id='line_1_44' title="bbox 127 3485 1007 3551; baseline 0.002 -16"><span class='ocrx_word' id='word_1_377' title='bbox 127 3493 135 3518; x_wconf 86' lang='lat'>⁸</span> <span class='ocrx_word' id='word_1_378' title='bbox 147 3488 205 3550; x_wconf 19' lang='lat' dir='ltr'><strong>They</strong></span> <span class='ocrx_word' id='word_1_379' title='bbox 213 3489 353 3551; x_wconf 80' lang='lat' dir='ltr'><strong>supplicium</strong></span> <span class='ocrx_word' id='word_1_380' title='bbox 364 3489 454 3535; x_wconf 77' lang='lat' dir='ltr'><strong>esteroi</strong></span> <span class='ocrx_word' id='word_1_381' title='bbox 463 3487 533 3534; x_wconf 82' lang='lat' dir='ltr'><strong>moris</strong></span> <span class='ocrx_word' id='word_1_382' title='bbox 544 3488 618 3536; x_wconf 76' lang='lat' dir='ltr'><strong>resero</strong></span> <span class='ocrx_word' id='word_1_383' title='bbox 629 3498 655 3536; x_wconf 92' lang='lat' dir='ltr'><strong>to</strong></span> <span class='ocrx_word' id='word_1_384' title='bbox 665 3487 737 3535; x_wconf 87' lang='lat' dir='ltr'><strong>death</strong></span> <span class='ocrx_word' id='word_1_385' title='bbox 748 3485 921 3547; x_wconf 79' lang='lat' dir='ltr'><strong>hydrowning,</strong></span> <span class='ocrx_word' id='word_1_386' title='bbox 932 3501 959 3536; x_wconf 83' lang='lat' dir='ltr'><strong>as</strong></span> <span class='ocrx_word' id='word_1_387' title='bbox 969 3501 1007 3536; x_wconf 83' lang='lat' dir='ltr'><strong>we</strong></span> 
     </span>
    </p>
   </div>
   <div class='ocr_carea' id='block_1_8' title="bbox 0 0 1153 3842">
    <p class='ocr_par' dir='ltr' id='par_1_9' title="bbox 0 0 1153 3842">
     <span class='ocr_line' id='line_1_45' title="bbox 0 0 1153 3842; baseline 0 0"><span class='ocrx_word' id='word_1_388' title='bbox 0 0 1153 3842; x_wconf 95' lang='lat' dir='ltr'><strong> </strong></span> 
     </span>
    </p>
   </div>
  </div>
 </body>
</html>
