2274 3844
144 221 198 276 190
407 235 446 274 oa
469 235 575 276 essars
597 235 783 276 anaxannsr.

140 345 217 398 Nunc
228 343 264 396 ab
275 343 359 396 Tanai
370 343 516 398 exercitum
528 359 656 410 accerses,
671 355 697 394 et
709 344 790 396 armis
801 343 913 396 flumina
924 359 958 412 op
993 359 1052 395 nes.
1129 377 1130 390 .

141 413 247 466 Scilicet
266 429 319 482 qua
337 421 364 465 tu
383 413 515 481 fugiturus
532 430 568 482 es,
588 413 670 464 hostis
693 416 768 481 sequi
787 429 837 465 non
857 420 959 482 potest.
998 411 1054 464 lter

141 483 246 551 utrique
257 499 401 536 commune
413 492 460 549 est,
474 483 564 534 victori
577 481 667 533 tutius.
703 482 778 534 Licet
796 492 934 534 strenuum
946 491 1053 534 metum
1129 507 1130 512 ¹

141 561 218 621 putes
229 567 297 619 esse,
310 551 426 604 velocior
437 560 526 604 tamen
539 569 600 620 spes
618 561 668 602 est.
704 551 771 608 Quin
785 551 919 602 validioris
936 567 1053 620 occupas

141 623 261 688 gratiam,
274 620 403 690 dedisque
421 621 468 673 ret
485 621 754 688 utcunquecesserit,
768 621 904 672 meliorem
919 619 1052 672 lor-tunam

142 689 247 742 deditus
258 708 340 759 quam
352 691 435 744 hostis
446 689 590 742 babitums.
626 689 751 743 Alienum
765 690 849 742 habes
868 707 987 758 regnum,
1000 706 1052 757 qno

143 758 248 812 facilius
259 777 291 812 eo
303 763 412 812 careas.¹
441 759 556 828 lucipies
565 759 671 810 forsitan
682 759 768 828 justus
777 777 837 810 esse
852 776 904 826 rex,
917 775 981 810 cum
994 759 1053 826 ipse

144 827 242 898 lecerit,
275 831 301 881 ni
314 829 360 884 tibi
373 839 399 881 et
411 829 571 908 darepotest
584 845 694 896 regnum
712 843 738 880 et
757 828 869 898 eripere.
906 828 1054 880 Consilium

143 983 228 1034 equus
245 968 340 1021 umbra
351 984 455 1037 quoque
468 983 557 1034 virgae
571 977 683 1034 regitur,
703 985 813 1033 ignavus
830 984 863 1018 ne
883 967 983 1018 calcari
996 966 1053 1035 qni-

143 896 227 950 habes
238 847 325 967 fidele,
338 900 407 968 quod
420 897 521 976 diutius
538 898 633 976 exequi
652 915 846 977 supervacuum
859 906 909 949 est.
946 897 1054 950 Nobilis
1129 955 1130 960 η

143 1035 206 1088 dem
218 1037 343 1090 concitari
355 1045 449 1106 potest.
481 1035 584 1102 Bessus,
595 1047 621 1086 et
634 1036 868 1102 ingenioetmulto
882 1053 954 1088 mero
967 1036 1053 1106 ferox,
1129 1045 1130 1048 ’

143 1105 210 1156 adeo
233 1107 338 1176 exarsit,
363 1115 392 1160 ut
410 1107 453 1158 vix
472 1106 506 1156 ab
529 1105 630 1172 amicis,
651 1123 702 1174 qno
721 1106 807 1158 minus
831 1106 963 1158 occideret
989 1124 1052 1158 euru

145 1175 216 1244 (narn
236 1177 373 1228 strinxerat
391 1191 497 1245 quoque
509 1175 664 1243 acinacem),
679 1176 862 1226 contineretur.
899 1177 978 1227 Certe
992 1193 1053 1228 con·

144 1245 224 1296 virio2
234 1245 354 1314 prosiluit
373 1245 576 1313 haudquaquam
595 1253 689 1312 potens
707 1245 812 1296 mentis.
849 1244 966 1296 Cobares
985 1245 1054 1298 inter

87 1305 92 1322 '
145 1313 285 1366 tumultum
299 1315 413 1382 elapsus,
425 1315 460 1366 ad
472 1311 652 1366 Alexandrum
667 1312 813 1380 transfugit.

183 1388 221 1434 17.
234 1382 296 1436 Vlll
308 1383 383 1436 milia
395 1383 590 1436 Bactrianorum
604 1380 719 1434 habebat
737 1393 839 1434 armata
852 1381 958 1451 Bessus,
972 1400 1051 1453 quae,

144 1451 272 1520 quamdiu
284 1462 387 1521 propter
399 1451 465 1504 coeli
479 1451 664 1520 intemperiem
675 1452 775 1503 Indiam
786 1455 871 1522 potius
883 1452 1054 1505 Macedonas

145 1521 270 1588 petituros
293 1521 479 1590 crediderant?
495 1520 648 1573 obedienter
669 1521 796 1590 imperata
820 1521 956 1589 lecernnt3
980 1533 1052 1590 post-

144 1605 222 1656 quam
236 1589 379 1642 adventare
391 1589 570 1642 Alexandrum
584 1599 749 1658 compertum
762 1601 810 1658 est,
824 1591 848 1642 in
863 1607 923 1642 snos
939 1592 1053 1660 quisque

144 1658 216 1709 vicos
227 1658 330 1726 dilapsi,
344 1659 453 1712 Bessum
468 1659 637 1728 reliquerunt.
672 1658 720 1710 Ille
733 1676 795 1711 cnm
809 1659 947 1712 clientium
960 1677 1051 1728 manu,

144 1727 188 1793 qui
210 1743 258 1780 non
279 1737 447 1782 mutaverant
465 1729 555 1796 fidem,
574 1729 630 1780 Oxo
647 1745 727 1779 amne
746 1738 874 1796 superato,
895 1730 1052 1798 exustisque

144 1797 261 1865 navigiis,
298 1797 375 1850 nibus
396 1798 540 1863 transierat,
560 1815 592 1849 ne
612 1797 705 1848 iisdem
725 1796 807 1849 hostis
825 1805 947 1868 uteretur,
970 1816 1055 1852 novas

143 1865 233 1934 copias
244 1866 269 1918 in
279 1814 421 1934 legatariis
438 1866 617 1920 contrahebat.
654 1867 805 1918 Alexander
824 1867 976 1919 Caucasum
994 1869 1053 1936 qni-

143 1934 214 2004 dem,
238 1945 267 1988 ut
291 1953 368 2006 supra
393 1937 492 1990 dictum
512 1949 559 2002 est,
579 1937 721 2002 transierat,
741 1937 787 1987 sed
814 1938 900 2006 inopia
924 1936 1052 1990 frumenti

143 2022 222 2126 prope
246 2005 280 2058 ad
304 2005 403 2060 samem
423 2015 529 2059 ventum
549 2015 612 2058 erat.
649 2005 716 2058 Suco
740 2023 773 2058 ex
791 2007 908 2057 sesama⁴¹
926 2024 1053 2076 expresso

162 2073 214 2127 and
235 2092 314 2129 secus
352 2093 414 2128 uam
432 2076 490 2128 oleo
508 2084 579 2128 artus
598 2073 787 2144 pertingebant.
825 2075 874 2127 Sed
895 2075 977 2144 hujus
995 2078 1052 2128 suci

143 2143 253 2198 ducenis
282 2094 457 2215 quadragenis
485 2144 601 2198 denariis
629 2141 772 2212 amphorae
802 2145 930 2212 singulae,
962 2147 1052 2198 mellis

142 2213 258 2266 denariis
283 2215 398 2274 trecenis
425 2216 578 2282 nonagenis,
605 2214 717 2266 trecenis
739 2213 793 2264 vini
824 2214 1050 2284 aestimabantur,

142 2284 220 2335 tritici
232 2282 295 2336 nihil
308 2291 354 2336 aut
365 2283 508 2338 admodum
523 2285 647 2352 exiguum
667 2283 853 2351 reperiebatur.
892 2283 962 2336 Siros
974 2301 1051 2336 voca·

141 2349 204 2402 bant
221 2351 345 2421 barbari,⁵
357 2370 423 2432 quos
441 2353 478 2404 ita
496 2353 614 2405 sollerter
633 2351 805 2420 abscondunt,
819 2361 855 2420 nt,
868 2353 918 2404 nisi
940 2354 988 2422 qui
1005 2355 1050 2406 de·

142 2417 269 2486 foderunt,
283 2420 400 2473 invenire
412 2439 462 2474 non
476 2424 589 2490 possint:
609 2421 633 2474 in
656 2421 696 2472 his
716 2421 837 2472 conditae
857 2419 948 2488 fruges
966 2435 1049 2475 erant.

143 2489 169 2538 ln
183 2504 295 2555 quarum
308 2491 417 2557 penuria
430 2490 527 2543 milites
545 2491 666 2544 fluviatili
686 2492 759 2558 pisce
780 2499 805 2542 et
826 2489 917 2542 herbis
937 2494 1049 2545 sustine·

141 2557 243 2608 bantur.
280 2558 393 2626 Jamque
416 2559 484 2612 haec
507 2561 564 2629 ipsa
584 2559 712 2612 alimenta
731 2558 901 2627 defecerant5
925 2579 991 2614 cnm
1010 2561 1049 2631 ju·

142 2635 237 2696 menta,
256 2627 353 2696 quibus
373 2645 452 2680 onera
471 2629 616 2698 portabant,
638 2628 750 2680 caedere
769 2627 834 2697 jussi
855 2639 934 2682 sunt:
954 2629 1049 2684 homm

141 2712 226 2766 carne,
239 2695 304 2750 dnm
315 2696 342 2760 in
359 2697 510 2751 Bactrianos
521 2706 686 2768 perventum,
700 2707 802 2749 traxere
816 2697 908 2750 vitarn.

169 2841 176 2865 ¹
188 2841 193 2862 ¹
203 2836 236 2884 So
246 2835 297 2884 that
309 2851 356 2897 you
367 2835 417 2884 will
428 2800 468 2884 not
480 2835 527 2884 seel
539 2837 579 2884 the
590 2845 654 2884 want
667 2835 694 2884 ol
706 2837 723 2884 it
735 2851 762 2884 so
773 2837 901 2898 strongly!

168 2909 254 2957 ⁹‘Out
264 2909 292 2958 of
302 2909 344 2958 the
356 2909 579 2970 banqueting·hall.'

168 2977 239 3025 'The
251 2978 307 3026 road
318 2979 378 3026 lronr
389 2977 475 3032 Gubul,
487 2978 557 3026 down
568 2977 609 3026 thu
623 2977 701 3026 Cabul
710 2978 781 3034 river,
792 2995 818 3026 ss
826 2979 861 3027 lar
871 2995 898 3028 us
907 2981 951 3029 the
961 2981 1046 3040 Indus,

139 3053 189 3086 was
201 3051 262 3095 open
273 3045 298 3084 to
309 3036 348 3084 the
365 3037 551 3094 Macedonians;
569 3036 616 3085 and
627 3038 644 3085 it
655 3053 706 3085 was
722 3037 816 3085 natural
832 3047 857 3086 to
872 3055 979 3100 suppose
996 3042 1049 3090 that

138 3097 197 3156 they
208 3095 289 3145 would
304 3095 361 3163 take
377 3097 428 3143 that
444 3107 512 3144 route
528 3096 609 3145 rather
624 3098 682 3144 than
698 3111 765 3144 eroes
780 3097 824 3144 the
839 3100 988 3157 mauritanis,
1002 3101 1048 3150 ahd

138 3156 243 3204 advance
255 3162 280 3200 to
290 3152 331 3200 the
342 3168 405 3202 river
417 3155 495 3203 Oxus.

166 3223 204 3270 ‘A
217 3220 292 3282 plant,
305 3220 365 3267 lrom
375 3221 416 3268 the
428 3221 499 3270 sseds
510 3222 538 3270 of
549 3223 627 3270 which
644 3237 675 3270 un
690 3223 723 3270 oil
735 3223 756 3271 is
767 3224 890 3274 obtained.
924 3227 1047 3278 Sesamus

138 3287 237 3336 (neuter)
249 3280 269 3327 is
281 3278 321 3326 the
333 3293 402 3326 name
414 3280 441 3326 ol
453 3281 494 3329 the
506 3281 571 3330 seed.

167 3349 231 3398 'Not
244 3345 335 3406 merely
345 3345 386 3392 the
397 3347 535 3396 barbaricas
546 3350 571 3397 in
580 3351 632 3398 that
649 3349 751 3407 district,
764 3352 807 3400 but
823 3353 956 3414 foreigners
972 3373 1044 3418 gene·

136 3407 204 3465 rally.
236 3407 290 3454 The
301 3403 368 3451 word
379 3403 432 3450 Sirr'
445 3405 518 3453 isnot
531 3408 619 3464 Greek,
632 3409 669 3456 sor
685 3408 726 3457 the
743 3409 839 3459 Greeks
855 3413 971 3462 obtained
986 3416 1045 3465 both
1129 3445 1130 3458 .

136 3462 258 3510 thanause
268 3463 314 3510 and
325 3461 367 3509 the
378 3461 523 3524 knowledge
535 3463 563 3512 of
573 3466 613 3514 the
624 3468 729 3527 practice
740 3467 802 3518 from
813 3470 854 3518 the
867 3471 1011 3522 Thracians.
