2278 3846
144 183 200 242 m
406 196 444 236 us
468 195 573 235 essars
595 195 781 236 ansuinum.

141 306 249 376 similes,
274 304 346 356 lento
365 303 465 358 vimine
485 303 675 356 frustrabantur
695 303 769 356 ictus.
814 301 924 356 incolae
949 312 1048 370 autem,

141 377 190 430 ritu
209 375 324 428 ferarum
343 373 455 442 virgulta
475 373 572 426 subire¹
591 372 667 440 soliti,
687 382 742 425 tum
763 390 870 443 quoquc
891 373 1049 425 intraverant

141 446 246 510 saltum,
259 443 420 512 occultisque
434 443 494 496 telis
506 442 608 494 bostem
621 442 794 494 lacessebant.

178 519 216 566 17.
230 512 277 565 llle
290 513 443 565 venantium
462 511 540 563 modo
558 511 667 564 latibula
685 520 823 580 scrutatus,
837 511 982 580 plerosque
994 527 1050 562 coir·

141 583 221 636 todir:
240 580 274 634 ad
292 581 414 634 ultimum
434 579 573 633 circumire
591 581 688 632 saltum
707 581 806 634 milites
821 580 908 650 jubet,
922 591 951 632 ut
966 581 989 632 si
1000 597 1050 648 qua

141 660 250 723 pateret,
263 652 445 718 irrumperent.
482 649 531 702 Sed
552 649 646 717 ignotis
662 649 728 702 locis
745 651 865 719 plerique
883 649 1052 752 oberrabant,

141 739 206 774 exce
227 723 297 789 tique
310 728 369 772 sunt
381 719 497 788 quidam,
509 720 649 787 interquos
657 735 741 788 equus
755 721 838 788 regis:
858 719 1041 788 Bucephalam

141 807 206 844 voca
243 799 284 842 nt:
304 806 383 858 quern
398 788 547 842 Alexander
560 805 608 840 non
628 788 722 840 eodem
740 805 792 858 quo
810 798 916 841 ceteras
935 789 1052 856 pecudes

141 861 229 913 animo
246 859 413 911 aestimabat.
451 859 574 926 Namque
594 856 638 908 ille
659 875 708 909 nec
730 858 754 910 in
773 859 849 910 dorso
868 858 988 910 insidere
1008 874 1052 910 suo

141 931 288 1000 patiebatur
296 927 386 996 alium,
396 938 421 980 et
433 944 529 994 regem,
540 943 601 978 cum
611 927 691 978 vellet
699 929 850 996 ascendere,
862 937 956 996 sponte
964 943 1054 994 gerrae

142 997 300 1052 submittens
317 997 475 1066 excipiebat,
488 995 697 1063 credebaturque
716 998 811 1048 sentire
830 1013 911 1065 quem
933 1000 1052 1048 veheret.

142 1068 245 1138 Majote
263 1085 332 1136 ergo,
345 1085 425 1135 quarn
442 1065 561 1132 (leuabat,
576 1065 613 1116 ira
632 1055 710 1117 simitl
729 1083 761 1117 ac
779 1065 869 1118 dolore
889 1066 1052 1136 stimulatus,

142 1155 241 1206 equum
254 1137 376 1204 vestigari
388 1136 471 1206 jubet,
486 1146 511 1186 et
525 1153 570 1203 per
583 1135 753 1202 interpretem
771 1136 940 1203 pronuntiari,
953 1137 981 1187 ni
997 1137 1053 1188 red·

143 1207 278 1274 didissent,
294 1207 426 1258 neminem
439 1223 498 1257 esse
511 1205 651 1257 victurum.
678 1205 735 1257 Hac
747 1205 946 1256 denuntiatione
961 1206 1052 1272 territi,

142 1293 203 1330 curn
226 1275 321 1327 ceteris
340 1276 416 1328 donis
440 1291 538 1344 equum
561 1275 704 1327 adduc-unt.
740 1275 790 1328 Sed
815 1292 848 1326 ne
872 1274 910 1326 sic
931 1275 1053 1342 quidem,

143 1347 285 1412 mitigatus,
305 1345 379 1396 caedi
402 1345 482 1397 silvas
500 1344 582 1413 jubet,
602 1353 763 1413 aggestaque
785 1345 864 1396 humo
882 1361 898 1394 e
917 1344 1054 1402 montibus

143 1414 280 1484 planitiem
307 1414 386 1464 tarnis
415 1414 568 1482 impeditam
593 1415 766 1481 exaggerari.³
799 1415 859 1466 lani
884 1413 1053 1481 aliquantum

142 1482 298 1535 altitudinis⁴
315 1499 381 1550 opus
398 1491 524 1549 creverat,
544 1498 605 1534 curn
625 1483 735 1552 barbari,
749 1482 893 1551 desperati⁶
906 1484 1053 1552 regionem,

161 1569 222 1603 uarn
243 1561 442 1620 occupaverant,
462 1568 538 1620 posse
560 1552 671 1620 retineri,
690 1563 796 1620 gentem
819 1570 895 1604 suam
913 1552 1053 1604 dedidere.

142 1569 206 1686 Per,
219 1620 355 1672 obsidibus
366 1625 491 1690 acceptis,
506 1619 628 1674 Phradati
646 1639 736 1690 parere
749 1639 794 1674 eos
807 1622 894 1691 jussit.

181 1695 219 1742 18.
242 1689 305 1741 Inde
330 1691 420 1758 quinto
443 1691 488 1742 die
519 1691 543 1741 in
574 1691 668 1742 stativa
699 1694 843 1745 revertitur.
888 1693 1054 1746 Artabazum

142 1759 246 1826 deinde,
259 1759 392 1828 geminato
412 1759 527 1827 ὴοηοτε,ο
538 1777 618 1828 quem
633 1761 735 1814 Dareus
751 1760 880 1814 habuerat
892 1764 926 1830 ei,
942 1761 1054 1815 remittit

142 1829 259 1881 domum.
296 1830 356 1883 Jam
373 1829 407 1882 ad
425 1831 520 1882 urbem
532 1829 689 1900 Hyrcaniae,
705 1832 795 1900 inqua
809 1833 879 1898 regia
891 1832 970 1883 Darei
983 1830 1053 1900 fuit,l

142 1908 251 1951 ventum
271 1909 335 1951 erat.
372 1899 411 1954 lbi
436 1900 607 1952 Nabarzanes
629 1909 741 1969 accepta
764 1901 816 1954 fide
840 1901 962 1966 occurrit,
984 1900 1054 1952 dona

143 1967 261 2037 ingentia
282 1969 377 2022 ferens.
420 1969 490 2022 Inter
510 1987 578 2038 quae
603 1969 703 2036 Bagoas
726 1980 788 2035 erat,
811 1971 902 2038 specie
926 1969 1053 2036 singulari

143 2037 232 2107 spado,
245 2047 326 2108 atque
346 2039 371 2091 in
392 2040 446 2108 ipso
464 2039 527 2090 flore
548 2040 683 2108 pueritiae,
697 2040 739 2091 cui
759 2049 785 2091 et
807 2039 910 2090 Dareus
930 2048 1053 2091 assuetus

143 2107 236 2176 luerat,
250 2118 276 2160 et
289 2124 349 2160 mox
361 2107 510 2161 Alexander
522 2109 655 2160 assuevit:
675 2108 785 2177 ejusque
797 2108 915 2160 maxime
929 2108 1054 2178 precibus
1132 2149 1133 2162 .

142 2185 230 2228 motus
242 2177 391 2230 Nabarzani
404 2178 510 2245 ignovit.

181 2249 219 2296 19.
240 2246 310 2314 Erat,
332 2255 360 2298 ut
386 2263 463 2315 supra
487 2247 656 2314 dictumest,
678 2247 827 2317 Hyrcaniae
848 2245 964 2299 finitima
987 2263 1055 2316 gens
1131 2241 1133 2276 t

143 2315 317 2382 Amazonum,
336 2315 407 2366 circa
425 2314 621 2368 Thermodonta
641 2334 748 2368 amnem
767 2315 961 2386 Themiscyrae
984 2317 1053 2369 inco·
1131 2331 1133 2356 2

142 2381 254 2434 lentium
272 2385 399 2452 campos.⁸
433 2385 562 2451 Reginam
582 2385 716 2439 habebant
739 2384 907 2456 Thalestrim,
927 2387 1054 2439 ombibus

142 2451 209 2504 inter
229 2452 377 2504 Caucasum
401 2462 518 2506 montem
542 2463 568 2505 et
593 2455 688 2508 Phasin
712 2473 819 2508 amnem
842 2455 1051 2526 imperitantem.

175 2549 632 2640 1’Τοοῐοεριιιιιίετιὶιιιδιιεῑιι-ε-ειῖᾖ
668 2621 670 2626 .
707 2551 771 2556 --›-—-

171 2641 263 2689 'From
280 2640 320 2688 the
339 2641 484 2689 nominative
501 2641 667 2706 Buclreplrnlns.
699 2643 748 2692 But
767 2646 808 2692 the
824 2645 885 2693 form
901 2645 1051 2707 Bucephalas

143 2701 335 2810 allolloacedidicitrd
344 2777 374 2810 an
383 2761 506 2809 eminence
516 2772 541 2809 to
550 2764 579 2809 be
589 2762 666 2810 raised
675 2777 705 2810 on
715 2763 755 2811 the
765 2763 806 2811 flat
815 2763 895 2810 where
906 2764 947 2810 the
960 2763 1051 2812 bushes

144 2835 218 2925 yvqrp,
229 2837 256 2869 so
267 2821 318 2870 that
329 2822 359 2870 he
371 2821 447 2928 rqight
459 2821 650 2928 pqpipqurqqulon
660 2838 674 2868 a
685 2822 747 2870 level
758 2822 816 2870 with
827 2822 869 2869 the
880 2823 1028 2871 barbaricus.

172 2944 181 2968 ⁸
191 2896 259 2986 Usoerd
267 2897 637 2998 duillibbnvdiblbdredepbnenl:
648 2939 784 3000 equivalent
791 2949 816 2988 to
822 2957 873 2988 eum
878 2943 1050 3003 desperassent.

170 3001 179 3026 ⁴
191 2996 252 3044 This
263 3001 379 3060 probably
390 3016 472 3048 means
485 3000 534 3046 that
548 2999 584 3046 his
596 2999 674 3059 salary
686 3015 735 3047 was
747 2999 859 3048 doubled.

172 3057 180 3080 ³
191 3055 277 3102 Arrian
288 3058 347 3105 calls
358 3060 376 3106 it
389 3059 538 3107 Zadracarta.

171 3117 179 3142 ⁸
191 3114 228 3159 As
240 3114 280 3161 the
291 3116 353 3163 river
365 3118 520 3166 Thermodon
532 3117 578 3166 and
595 3117 635 3164 the
651 3117 743 3165 district
754 3117 781 3165 os
794 3118 956 3179 Themiscyra
966 3134 1006 3166 are
1017 3133 1050 3166 on

143 3171 183 3220 the
198 3183 263 3240 coust
275 3173 302 3219 os
314 3174 355 3221 the
373 3175 466 3225 Pontus
484 3178 602 3233 Euxinus,
616 3176 656 3224 the
668 3177 728 3224 tribe
739 3176 768 3224 cf
779 3177 820 3225 the
837 3180 961 3227 Amazona
978 3177 1049 3228 could

142 3231 257 3291 certainly
268 3243 308 3278 not
320 3234 349 3279 be
361 3233 621 3341 Hyrcaniaedtrrumw.
655 3235 701 3282 We
713 3235 774 3284 have
785 3237 826 3305 the
837 3254 904 3286 sama
915 3254 980 3308 error
990 3239 1050 3288 here

142 3304 169 3338 as
180 3290 223 3338 has
235 3289 331 3350 already
343 3293 404 3338 been
419 3306 497 3341 notice
525 3311 549 3342 nr
559 3295 628 3353 chau.
642 3297 676 3342 12.
707 3295 845 3357 According
861 3308 886 3346 to
903 3297 994 3356 Justrn,
1007 3297 1049 3346 the

142 3362 220 3406 quaen
230 3349 257 3396 of
268 3350 310 3417 the
320 3350 445 3416 Amazona
457 3353 525 3400 made
537 3369 551 3400 a
558 3354 662 3412 journey
671 3353 700 3400 ol
709 3353 863 3421 twenty-five
875 3356 934 3416 days
946 3359 971 3424 in
980 3355 1050 3404 order

141 3409 1050 3534 tlttlt.tutariettlrfnllt.§tlttttyltlttffltdtctlt
