2294 3842
475 197 567 238 arnan
587 199 618 238 x.
939 179 993 233 311

87 307 188 358 tionem.
222 304 278 364 Quo
294 305 393 370 quidem
410 312 519 368 tempore
537 321 567 354 ex
584 306 709 368 copiarum
729 306 832 356 ducibus
847 304 997 370 Agathocles

86 371 184 422 Samius
195 373 226 422 ad
234 379 370 422 extremum
380 371 480 435 periculi
490 372 562 430 venit,
571 373 632 434 quod
645 371 710 421 illius
720 372 841 420 tumulum
850 371 997 434 praeteriens

87 437 249 494 illacrimasse
261 438 327 486 visas
337 443 408 486 esset.
442 438 480 484 Ac
491 436 539 484 nisi
552 437 692 496 Perdiccan,
703 436 802 484 venanti
814 435 861 484 sibi
874 437 997 498 Hephaes-

86 503 177 552 tionem
195 504 337 566 apparuisse
354 503 492 560 ementitus,
504 519 545 564 per
556 503 613 550 deos
629 518 714 550 omnes
731 503 856 564 ipsumque
874 501 998 565 Hephaes-

86 569 178 617 tionem
200 569 341 626 dsierasset,
363 585 394 616 ex
415 569 468 630 ipse
489 584 515 616 se
538 567 687 632 cognovisse,
710 565 872 632 Agathoclem
900 584 949 615 non
972 575 998 615 ut

87 641 216 691 mortuum,
240 640 265 682 et
286 649 363 682 vanae
387 633 519 682 divinitatis
542 633 619 681 titulis
647 633 738 681 frustra
760 637 872 680 ornatum
895 631 997 690 flevisse,

86 715 169 749 rerum
186 700 218 747 ob
235 699 380 749 memoriam
400 698 513 762 pristinae
532 697 666 746 sodalitatis
683 697 800 746 lacrimas
817 712 867 744 non
885 698 998 756 tenuisse,

87 764 127 822 sir,
139 763 209 813 fortis
221 765 288 812 etde
300 779 359 828 rege
371 766 431 812 bene
443 764 546 812 meritus
558 763 655 826 pietatis
663 763 804 811 inamicum
813 777 899 826 graves
907 777 997 824 poenm

86 830 185 878 innoxio
196 829 277 892 capite
289 829 451 890 pependisset

115 895 234 944 Ceteram
253 900 281 942 ut
292 895 414 956 paulisper
426 911 441 941 a
452 895 520 942 luctu
536 899 648 942 avocaret
664 893 783 951 animum,
795 891 821 940 in
836 891 995 941 Cossaeorum

84 966 184 1024 gentem
195 959 375 1021 expeditionem
384 959 495 1021 suscepit.
529 959 544 1007 J
545 975 595 1022 uga
604 958 701 1006 Mediae
710 958 791 1007 vicina
798 956 898 1006 Cossaei
907 963 997 1015 tenent,

84 1041 201 1087 asperum
213 1031 306 1072 etacre
318 1040 404 1088 genus,
416 1031 440 1072 et
458 1025 597 1086 praedando
608 1024 682 1072 vitam
700 1023 801 1072 tolerare
818 1022 925 1071 solitum.
958 1023 997 1072 Ab

84 1090 121 1138 nis
133 1090 270 1138 Persarum
281 1105 351 1153 reges
363 1105 443 1138 annuo
451 1089 540 1138 tributo
551 1105 637 1152 pacem
647 1089 766 1136 redimere
776 1094 957 1146 consueverant,
966 1104 997 1137 ne

84 1155 110 1202 in
131 1157 248 1231 sabjecta
270 1156 424 1202 decurrentes
442 1155 557 1202 infestam
576 1153 712 1203 latrociniis
734 1154 857 1220 regionem
881 1153 997 1201 facerent

83 1219 148 1268 Nam
161 1235 215 1268 vam
227 1225 375 1282 temptantes
392 1219 479 1268 Persas
492 1219 564 1268 facile
576 1219 737 1281 reppulerant,
748 1219 878 1282 asperitate
890 1219 996 1266 locorum

83 1285 189 1343 defensi,
195 1285 222 1333 in
228 1299 290 1347 quac
299 1301 325 1332 se
334 1283 492 1348 recipiebant
500 1286 611 1348 quotiens
621 1284 697 1332 armis
706 1285 889 1347 superabantur.
918 1283 997 1332 Iidem

82 1351 227 1399 muneribus
244 1350 375 1413 qamtannis
394 1351 559 1411 placabantur,
571 1357 598 1399 ut
615 1349 667 1414 regi
689 1349 830 1408 Ecbatanis,
847 1349 888 1396 ubi
906 1349 998 1396 aestiva

82 1416 178 1464 solebat
196 1431 278 1480 agere,
290 1416 440 1479 Babylonem
458 1415 602 1479 remigranti
619 1421 686 1464 tutus
703 1431 745 1477 per
762 1430 793 1462 ea
809 1414 863 1462 loca
879 1414 997 1462 transitus

83 1488 155 1530 esset.
192 1481 245 1529 Hos
263 1481 338 1544 igitur
356 1481 495 1529 Alexander
518 1481 632 1543 bipartito
654 1481 754 1546 agmine
775 1495 915 1544 aggressus,
934 1479 998 1526 intra
1029 1529 1030 1532 ,

82 1546 251 1610 quadraginta
263 1547 314 1594 dies
326 1546 469 1608 perdomuit
503 1545 568 1594 Nam
586 1547 618 1594 ab
629 1546 683 1608 ipso
693 1561 752 1610 rege
765 1551 790 1594 et
799 1544 945 1603 Ptolemaeo,
956 1545 997 1607 qni

83 1617 181 1674 partem
194 1611 314 1660 exercitus
325 1612 438 1668 ducebat,
449 1626 522 1673 saepe
534 1612 608 1670 caesi,
619 1618 647 1660 ut
657 1611 765 1673 captives
782 1625 837 1660 snos
854 1610 998 1673 reciperent,

83 1677 220 1739 permisere
242 1691 269 1724 se
288 1676 380 1726 victori.
414 1675 458 1726 Ille
476 1676 569 1725 validas
591 1677 662 1724 urbes
684 1676 824 1739 opportunis
840 1677 900 1724 locis
918 1677 997 1724 extrui

84 1742 168 1806 jussit,
180 1757 213 1792 ae
225 1743 329 1792 abducto
340 1742 449 1790 exercitu
460 1741 512 1790 fera
529 1757 591 1806 gens
607 1741 770 1791 obedientiam
788 1747 891 1790 exueret.
925 1740 999 1790 Motis

82 1807 140 1856 iude
153 1806 250 1865 castris,
263 1813 290 1854 ut
299 1806 404 1856 militem
415 1807 568 1870 expeditione
580 1807 674 1856 recenti
693 1806 785 1854 fessum
804 1805 922 1862 reficeret,
933 1805 999 1854 lento

82 1872 187 1937 agmine
211 1871 360 1936 Babylonem
384 1873 536 1935 procedebat.
575 1871 681 1934 Jamque
699 1871 740 1919 vix
761 1870 865 1935 triginta
888 1872 919 1919 ab
939 1872 998 1919 urbe

81 1939 172 1988 stadiis
185 1938 277 1995 aberat,
289 1953 345 1986 cum
357 1937 486 1986 Nearchus
496 1939 611 1995 occurrit,
621 1954 694 2002 quem
705 1952 747 1998 per
764 1936 892 1984 Oceanum
908 1941 933 1983 et
950 1935 997 1984 Eu-

81 2003 182 2065 phratis
198 2003 262 2052 ostia
274 2003 422 2067 Babylonem
440 2004 615 2066 praemiserat:
633 2003 773 2063 orabatque,
783 2017 816 2050 ne
833 2001 933 2050 fatalem
949 2001 997 2050 sibi

82 2070 171 2118 urbem
183 2067 255 2116 vellet
266 2067 368 2132 ingredi.
400 2070 558 2131 Conpertum
577 2069 602 2117 id
613 2068 661 2118 sibi
672 2083 702 2116 ex
712 2066 851 2124 Chaldaeis,
862 2065 902 2128 qui
914 2067 998 2115 multis

83 2136 139 2198 jam
152 2133 346 2198 praedictionum
359 2135 484 2183 eventibus
497 2134 555 2182 artis
567 2150 625 2183 suae
641 2132 814 2182 certitudinem
831 2131 928 2180 abunde
945 2147 997 2193 pro·

82 2199 217 2248 bavissent.
249 2197 308 2257 Rex,
320 2198 387 2247 fama
398 2213 482 2248 eorum
493 2199 619 2247 hominum
637 2197 802 2260 constantique
820 2196 997 2246 asseveratione

82 2271 173 2322 motus,
192 2263 301 2312 dimissis
318 2265 345 2312 iu
364 2265 448 2312 urbem
470 2264 605 2313 amicorum
625 2263 752 2326 plerisque,
772 2263 821 2311 alia
841 2263 881 2311 via
900 2268 997 2324 praeter

82 2330 238 2393 Babylonem
250 2329 324 2388 ducit,
336 2346 366 2380 ac
385 2329 497 2378 ducentis
514 2329 572 2378 inde
590 2330 678 2378 stadiis
696 2327 785 2377 stativa
800 2328 873 2377 locat.
906 2328 952 2376 Sed
965 2331 997 2378 ab

82 2393 233 2444 Anaxarcho
248 2394 391 2457 philosopho
411 2397 518 2453 edoctus,
531 2395 676 2459 contemptis
694 2395 871 2444 Chaldaeorum
890 2394 997 2454 monitis,

81 2475 188 2522 quorum
200 2459 355 2520 disciplinam
367 2461 466 2510 inanem
484 2465 527 2508 aut
543 2475 717 2523 supervacuam
729 2459 899 2519 arbitrabatur,
910 2462 996 2508 urbem

81 2526 168 2574 intrat.
196 2524 421 2589 Legationeseoex
429 2527 691 2576 universoferraeorbe
699 2525 872 2576 confluxerant
901 2524 1005 2588 Quibus¹

82 2606 126 2652 per
138 2591 275 2652 complures
287 2589 338 2638 dies
350 2592 457 2640 studiose
469 2591 567 2652 auditis,
575 2592 690 2656 deinceps
699 2594 730 2640 ad
742 2591 931 2654 Hephaestionis
943 2607 996 2639 exe·

81 2656 155 2718 quiae
166 2655 258 2720 adjecit
268 2656 387 2705 animum.
414 2656 485 2712 Quae
497 2671 594 2705 summo
604 2657 714 2706 omnium
724 2656 805 2704 studio
814 2656 849 2704 ita
858 2656 995 2704 celebratae

82 2727 150 2780 sunt,
162 2720 289 2769 utnullius
299 2722 330 2769 ad
342 2720 476 2784 id'ternpus
488 2722 554 2786 regis
566 2723 651 2770 feralia
667 2738 708 2769 aaa
745 2720 837 2768 'tudine
854 2721 994 2782 sumptuum

82 2791 264 2851 apparatusque
282 2787 422 2837 celebritate
434 2787 604 2837 convicerint
637 2786 695 2834 Post
709 2735 773 2834 iiia
790 2785 878 2847 cupido
895 2785 996 2835 incessit

83 2853 139 2916 regi
153 2865 194 2914 per
205 2851 362 2914 Pallacopam
374 2869 474 2900 amnem
491 2853 523 2901 ad
535 2853 646 2901 Arabum
663 2849 767 2899 confinia
784 2849 931 2914 navigandi3
948 2865 995 2913 qao

83 2917 189 2976 delatus,
200 2917 254 2966 urbi
266 2917 409 2966 condendae
421 2920 550 2967 commoda
561 2918 618 2965 sede
635 2921 738 2978 reperta,
748 2914 898 2963 Graecorum
915 2923 994 2964 aetate

84 2988 130 3030 aut
140 2982 279 3030 vulneribus
291 2983 417 3043 invalidos,
429 2991 454 3032 et
464 2985 486 3033 si
497 2984 538 3047 qui
550 2988 634 3045 sponte
646 2984 821 3039 remanserant,
833 2980 868 3028 ibi
886 2981 994 3030 collocat

83 3047 182 3104 Quibus
189 3047 344 3096 exsententia
352 3049 533 3115 perlectis,jam
541 3048 616 3098 futrrri
624 3045 864 3096 securusChaldaeos
870 3047 994 3106 irridebat,

83 3112 148 3176 quod
157 3111 306 3176 Babylonem
312 3129 360 3162 non
369 3115 495 3178 ingressus
505 3120 600 3162 tentum
608 3119 674 3162 esset
682 3110 819 3170 incolumis,
827 3127 911 3162 venam
919 3113 994 3162 etiam

84 3177 237 3228 excessisset.
271 3177 403 3228 Enimvero
419 3179 547 3228 revertenti
565 3194 607 3241 per
625 3178 732 3241 paludes,
742 3192 803 3240 quus
821 3176 994 3240 Euphratesia

84 3243 243 3305 Pallacopam
254 3243 348 3292 effusus
360 3245 442 3305 efficit,
450 3246 628 3294 soedrunomen
636 3246 743 3294 oblatum
751 3248 795 3292 est
825 3243 920 3308 Quippe
932 3245 995 3292 rami

84 3309 188 3370 desuper
205 3308 374 3371 impendentes
391 3312 528 3371 detractum
546 3310 621 3372 capiti
637 3311 705 3376 regio
721 3309 836 3358 diadema
846 3312 996 3374 projecerunt

85 3374 114 3422 iu
125 3373 218 3422 fluctus
251 3374 314 3422 Cum
326 3375 413 3426 deiude
426 3375 476 3426 alia
487 3391 559 3439 super
571 3375 621 3425 alia
631 3375 771 3440 prodigiosa
781 3379 806 3422 et
817 3375 925 3424 minacia
935 3389 995 3424 nun·
