2278 3846
483 226 574 267 uerri
593 225 612 266 v
948 211 1002 266 118

92 333 157 386 Nec
175 333 203 386 id
220 333 400 388 miserrimum
416 332 526 386 fortibus
543 334 605 388 viris
622 344 685 405 erat,
702 334 749 388 sed
766 335 836 404 quod
855 334 929 388 inulti
946 334 1002 402 qui·

93 401 171 456 dern¹
190 401 307 456 serarum
328 402 378 454 ritu
395 403 467 455 velut
490 403 516 456 in
540 404 618 455 lovea
640 403 798 472 deprehensi
819 404 999 456 caederentur.

92 471 137 524 lia
155 471 236 538 igitur
254 473 282 524 iri
300 471 398 524 rabiem
417 489 501 542 versa,
520 468 667 524 eminentie
684 490 748 526 saria
765 472 903 542 complexi,
921 481 949 524 ut
967 471 1001 524 ad

92 539 203 593 hostem
257 541 393 608 rveniient,
412 541 479 594 alius
495 541 579 594 alium
597 541 717 594 levantes
734 540 894 594 conabantur
910 557 1001 594 ascen·

92 609 169 661 dere.
268 609 332 678 ipsa,
354 609 494 663 multorum
516 610 594 663 simul
612 610 737 663 manibus
756 621 874 680 correpta
895 619 921 662 et
941 626 1001 662 con-

92 677 181 747 vulsa,
195 678 222 730 in
234 694 288 746 eos,
302 679 346 747 qui
362 689 566 748 commoverant,
580 679 741 733 recidebant.
777 681 835 732 Neo
852 688 921 732 stare
940 695 1001 746 ergo

91 755 225 816 poteraut,
238 764 288 800 neo
304 749 364 814 iiii,²
380 765 412 800 ne
429 749 560 801 testudine
578 749 688 818 quidem
705 749 813 817 protegi,
832 765 893 802 oiim
914 756 1001 801 tantae

91 815 173 867 molis
192 831 274 868 onera
292 817 466 886 propellerent
484 817 596 870 barbari.
632 819 734 885 Regem
755 834 805 870 non
825 816 897 869 dolor
915 817 999 885 modo,

91 885 140 936 sed
163 885 246 938 etiem
266 885 349 954 pudor
366 895 467 938 temere
487 887 514 939 in
533 886 592 939 illas
611 888 746 955 angustias
764 887 855 1007 specii³
872 887 1002 940 exercitus

91 953 219 1021 angebat.
255 955 371 1008 Invictus
383 964 444 1008 ante
456 971 516 1008 eam
528 955 599 1008 diem
612 955 705 1025 luerat,
718 955 773 1008 nihi
801 955 895 1008 frustra
906 971 999 1006 ausus:

91 1022 206 1091 impune
230 1023 338 1076 Ciliciae
361 1024 454 1076 lauces
477 1025 625 1092 intraverat,
645 1042 719 1078 mare
737 1041 841 1094 quoque
859 1040 955 1076 novum
974 1023 1001 1076 irt

90 1091 283 1160 Pamphyliam
296 1093 343 1145 iter
354 1102 492 1163 aperuerat
500 1096 518 1146 :⁴
536 1101 597 1146 tunc
609 1093 757 1148 haesitabat
769 1092 934 1162 deprehensa
945 1091 1001 1144 feli·

90 1161 168 1228 citas,
189 1178 240 1213 nec
258 1161 330 1215 aliud
351 1160 497 1215 remedium
519 1172 581 1230 erat,
600 1179 681 1232 quarn
701 1162 795 1215 reverti
813 1179 866 1232 qua
883 1170 999 1215 venerat.

90 1229 187 1298 ltaque
199 1230 273 1298 signo
285 1233 402 1302 receptui
414 1231 483 1300 dato,
496 1231 613 1284 densatis
623 1233 764 1301 ordinibus,
777 1232 911 1300 scutisque
924 1247 1001 1299 super

90 1301 182 1368 capita
194 1300 327 1368 consertis,
342 1310 408 1354 retro
420 1300 534 1354 evadere
547 1318 581 1355 eir
592 1303 721 1370 angustiis
731 1301 815 1372 jubet.
844 1300 915 1354 XXX
927 1299 1000 1352 suere

90 1367 189 1436 stadia,
202 1385 272 1437 quae
284 1371 399 1448 remensi
411 1378 478 1422 sunt.

132 1441 170 1489 13.
190 1438 260 1490 Tum
273 1447 366 1490 castris
378 1437 494 1509 undique
506 1449 595 1510 aperto
607 1438 664 1494 loco
676 1439 775 1510 positis,
788 1455 840 1492 nort
852 1437 1000 1491 consultare

89 1507 174 1559 modo
192 1506 256 1575 quid
274 1507 407 1575 agendum
420 1516 498 1576 esset,
512 1507 560 1560 sed
572 1518 648 1562 vates
660 1525 763 1579 quoque
775 1507 902 1561 adhihere
915 1508 1000 1578 coepit
1073 1508 1074 1511 ’

89 1575 307 1645 asaperstitione
319 1577 420 1630 ειηίῐτιί.ὅ
454 1577 505 1630 Sed
519 1577 582 1646 quid
598 1586 654 1630 tuin
673 1577 826 1648 praedicere
839 1577 999 1646 Aristander,

89 1645 138 1698 eui
150 1645 294 1714 plurimum
306 1645 431 1700 credebat
444 1663 478 1698 ex
489 1645 602 1716 vatibus,
614 1647 735 1716 poterell
764 1648 857 1717 ltaque
869 1645 1001 1699 damnatis

88 1715 290 1782 intempestivis
315 1715 450 1768 sacrificiis
501 1717 580 1768 eritos
609 1715 725 1770 locorum
750 1717 887 1770 convocari
915 1715 999 1785 jubet.

89 1783 144 1836 Per
160 1783 284 1836 Mediam
301 1785 350 1837 iter
367 1755 477 1837 ostende
514 1793 541 1836 nt
561 1792 648 1838 tutum
671 1794 861 1854 apertumque:
887 1784 934 1838 sed
955 1801 999 1838 reri

88 1853 217 1906 deserere
234 1853 335 1905 milites
352 1853 495 1923 insepultos
512 1852 694 1922 erubescebat,
713 1853 749 1906 ita
766 1854 859 1906 tradito
878 1870 950 1906 more
971 1864 1001 1906 ut

88 1923 139 1974 vix
159 1922 245 1974 ullum
264 1921 377 1974 militiae
397 1931 453 1976 tam
472 1920 612 1976 sollemnel
631 1931 701 1975 esset
723 1938 828 1992 munus,
849 1939 929 1991 quam
952 1893 1000 1976 hu·

88 1990 185 2044 mandi
206 2007 274 2044 suos.
318 1992 442 2061 Captivos
461 2009 530 2061 ergo,
552 2007 618 2060 quos
640 2008 724 2061 nuper
743 2000 891 2060 exceperat,
913 1993 1000 2045 vocari

88 2059 183 2130 jubet:
204 2061 272 2112 inter
283 2077 350 2182 poca
362 2070 417 2113 erat
433 2061 542 2130 quidam
560 2062 678 2114 Graecae
696 2061 873 2129 Persicaeque
891 2059 997 2127 linguae

88 2129 199 2198 peritus,
220 2130 264 2198 qui
295 2138 379 2182 rustra
397 2147 460 2184 eum
479 2131 506 2182 in
526 2130 663 2183 Persidem
683 2130 813 2183 montium
832 2129 908 2182 dorso
927 2146 1000 2182 exer·

88 2201 177 2251 citum
200 2197 297 2253 ducere
319 2199 449 2252 affirmat:
474 2199 608 2252 silvestres
631 2215 691 2252 esse
714 2198 804 2266 calles,
827 2199 871 2252 vix
890 2197 1000 2268 singulis

88 2268 198 2337 pervios
207 2283 215 2335 ;
233 2268 322 2320 omnia
340 2269 444 2336 contegi
462 2267 604 2336 frondibus,
623 2268 739 2338 implexo
761 2284 807 2330 ,ue
824 2267 947 2322 arborum
961 2285 999 2322 ra-

88 2353 154 2390 mos
177 2336 256 2388 silves
279 2338 466 2390 committere.⁷
499 2338 622 2406 Namque
645 2338 767 2391 Persisa
806 2338 888 2391 altero
909 2337 1001 2391 latere⁸

126 2407 229 2474 rpetuis
252 2406 382 2459 montium
410 2406 479 2476 jugis
501 2407 638 2477 clauditur,
663 2407 732 2477 quod
759 2409 786 2462 in
810 2408 1000 2478 longitudinem

124 2476 178 2544 DC,
200 2475 226 2528 in
245 2475 415 2528 latitudinem
434 2477 524 2529 CLXX
544 2477 629 2532 stadia
647 2477 782 2546 procurrit,
818 2479 876 2531 Hoc
893 2478 1000 2532 dorsum

120 2623 131 2664 ί
141 2633 197 2682 The
206 2633 311 2682 addition
317 2633 345 2681 oi
349 2633 397 2681 this
405 2633 527 2692 participle
537 2633 628 2694 merely
634 2633 694 2682 ridde
702 2629 825 2695 emphasis
834 2644 859 2682 to
867 2633 908 2682 the
919 2636 999 2682 inulti.

119 2699 130 2724 ²
144 2693 199 2740 ‘'l'o
209 2693 301 2749 climb,'
317 2697 355 2740 ‘to
367 2707 433 2752 prees
445 2693 572 2751 upwerds.'
585 2695 587 2702 '
609 2751 610 2756 ,

120 2758 130 2782 ¹
143 2751 266 2820 ‘'l'hrovvn
282 2765 309 2798 or
324 2751 406 2799 driven
417 2762 458 2800 out
466 2752 483 2819 ξ’
498 2751 600 2808 throwu,
613 2767 639 2800 as
650 2752 668 2799 it
680 2766 753 2808 were,
766 2751 791 2799 in
802 2751 842 2798 the
853 2765 908 2808 wey
919 2749 946 2797 ol
957 2749 997 2798 de·

92 2809 282 2917 lludtliiiiiniliii
290 2809 342 2916 liiii
349 2809 594 2938 iddrdliedlilblhlglllhe
606 2877 672 2917 coast
682 2867 744 2916 from
756 2864 869 2934 ,Phaselis
882 2873 908 2912 to
921 2865 999 2934 Perga

91 2945 115 2976 in
133 2927 286 3034 Pamphplra,
304 2942 335 2975 en
350 2927 510 2988 undertaking
524 2928 605 2996 which
620 2942 671 2996 was
687 2923 831 3013 practicable
846 2922 903 2992 only
914 2925 999 2973 witha

91 2987 164 3036 north
175 3001 224 3033 vini
242 3023 247 3034 .
279 2985 385 3034 Fortune
396 2987 443 3035 had
453 2986 566 3056 lavoured
577 2987 626 3034 him
637 3001 662 3033 in
672 2985 735 3088 tlpis.
752 2981 799 3031 end
815 2981 914 3034 Curtius
930 2997 996 3033 must

90 3043 740 3164 ¹¹⁸5?itttttltltitltlttltttiltjltta‚2
769 3099 906 3152 sacam.
919 3102 994 3159 ier,

90 3168 257 3271 n'‘li'tiilleaiae
267 3237 323 3280 may
333 3237 402 3270 mean
416 3221 530 3270 ‘solemn'
543 3220 615 3277 here;
630 3219 674 3268 but
685 3234 723 3268 we
734 3218 804 3269 think
814 3220 855 3269 the
865 3235 931 3270 more
942 3235 995 3282 pro·

90 3282 162 3330 hable
174 3281 287 3340 meaning
298 3291 323 3328 to
333 3282 364 3328 be
378 3281 509 3328 ‘constant'
522 3294 549 3326 or
562 3278 686 3339 ‘regular’

119 3346 127 3368 ¹
142 3340 223 3387 ‘Thai
235 3339 276 3386 the
288 3339 381 3399 boughs
392 3338 420 3386 os
431 3337 471 3385 the
488 3348 551 3385 trees
561 3351 625 3386 were
636 3353 722 3388 voven
737 3339 788 3389 into
803 3339 863 3389 each
877 3337 955 3396 other,
968 3355 996 3389 so
1062 3356 1067 3363 ·

90 3416 115 3447 aa
122 3409 153 3450 to
164 3399 225 3448 form
237 3413 282 3446 one
292 3396 474 3458 uninterrupted
484 3395 574 3444 forest!

118 3466 126 3487 ¹
138 3457 206 3506 Thst
217 3458 247 3513 is,
259 3457 300 3504 tlre
312 3467 382 3506 west.

194 3521 211 3569 8
526 3519 565 3570 12
