2294 3842
526 221 618 262 utera
638 223 680 264 rx.
773 255 776 262 .
996 207 1054 264 203

137 327 238 382 salutis
255 329 422 396 aegritudine
439 328 570 383 affecerat.
609 331 669 383 Non
687 339 776 384 tamen
790 331 918 384 invictum
932 333 1052 386 animum

141 414 225 450 curae
256 397 378 468 obruunt,
408 399 472 478 quin
502 408 556 451 tota
587 409 664 452 noete
695 400 848 468 persideret¹
873 402 898 453 in
928 400 1051 470 speculis,

141 467 303 536 equitesque
321 476 503 537 praemitteret
521 468 554 520 ad
573 485 603 521 os
621 469 715 537 amnis,
736 481 771 538 ut,
791 487 852 522 cum
871 487 943 522 mare
963 487 1052 524 rursus

141 546 301 590 exaestuare
319 539 472 605 sensissent,
486 538 682 606 praecederent.
718 539 833 606 Navigia
845 555 949 608 quoque
968 549 994 592 et
1015 539 1051 592 la·

141 613 232 658 cerata
251 605 333 670 refici,
346 615 373 658 et
391 622 484 658 eversa
502 607 628 659 fluctibus
644 607 710 675 erigi
727 607 809 676 jubet,
823 617 979 678 paratosque
991 625 1051 662 esse

142 683 171 726 et
189 675 314 744 intentos,
333 692 394 730 oum
419 691 508 728 rursus
530 693 604 728 mere
630 687 711 728 terras
734 678 896 729 inundasset.
931 679 997 730 Tota
1018 695 1052 731 ea

141 753 221 798 nocte
239 744 308 796 inter
320 745 424 812 vigilios
441 745 690 814 adhortationesque
709 755 872 815 consumpte,
886 746 1006 800 celeriter
1024 755 1052 800 et

140 815 248 882 equites
266 814 366 881 ingenti
384 831 462 866 cursu
481 814 609 884 reingere,
629 825 656 867 et
680 825 788 867 secutus
805 825 845 867 est
865 824 963 868 aestus.
999 816 1051 875 Qui

140 881 228 952 primo
246 883 325 952 equis
342 883 395 935 leni
412 891 495 935 tractu
515 883 689 936 subeuntibus
713 901 761 936 coe
781 885 800 936 it
825 884 914 938 levare
939 887 1049 955 navigia,

140 969 205 1004 mox
224 953 285 1004 totis
302 953 407 1022 campis
427 951 557 1004 inundans
580 955 659 1006 etiam
686 902 790 1023 impullt
816 953 938 1006 classem.
975 955 1051 1007 Plau-

140 1038 241 1090 susque
260 1021 375 1075 militum
395 1022 619 1091 nauticorumque,
640 1023 799 1092 insperatam
826 1023 939 1076 salutern
958 1024 1051 1076 immo·

139 1089 202 1144 dico
215 1090 408 1144 celebrantium
421 1090 524 1159 gaudio,
535 1091 655 1144 litoribus
668 1093 783 1162 ripisque
797 1092 944 1145 resonabat.
973 1091 1051 1145 Unde

140 1169 246 1213 tanturn
265 1160 374 1213 redisset
393 1159 478 1212 subito
500 1161 592 1212 mare?
616 1177 667 1230 quo
686 1161 770 1229 pridie
789 1161 949 1230 refugisset
969 1177 1050 1229 quae·

139 1245 205 1281 nam
228 1239 300 1282 esset
322 1229 443 1299 ejusdem
467 1230 592 1282 elementi
615 1239 715 1298 natura,
739 1231 817 1283 modo
840 1231 946 1298 discors,
972 1231 1050 1282 modo
1103 1267 1104 1270 κ

138 1298 252 1367 imperio
276 1307 426 1368 temporum
449 1299 581 1366 obnoxie,2
606 1299 753 1352 mirabundi
782 1301 957 1368 requirebant.
993 1301 1051 1352 Rex

138 1385 202 1420 cum
228 1385 261 1420 ex
282 1385 322 1437 eo,
347 1368 417 1437 quod
440 1369 580 1436 acciderat,
606 1369 772 1438 conjectaret,
797 1371 855 1438 post
879 1368 941 1422 solia
964 1377 1050 1422 ortum

138 1445 240 1490 statum
258 1447 366 1506 tempus
383 1455 449 1504 esse,
463 1437 498 1490 de
516 1438 605 1490 media
623 1439 719 1506 nocte,³
730 1447 759 1492 ut
777 1446 879 1491 aestum
899 1448 1049 1507 oocuparet,

136 1523 203 1558 cum
222 1508 314 1576 paucis
331 1507 444 1575 navigiis
462 1507 577 1559 secundo
590 1525 669 1560 amne
682 1507 801 1561 defluxit.
838 1509 1008 1576 Evectusque
1020 1524 1050 1560 os

137 1575 201 1644 ejus
212 1576 404 1644 quadringenta
424 1576 509 1628 stadia
529 1577 654 1645 prooessit
673 1577 699 1628 in
717 1595 798 1646 mare,
816 1578 924 1632 tandem
936 1578 989 1630 voti
1008 1577 1049 1630 sui

136 1662 249 1714 compos
258 1661 274 1714 ς’
292 1645 511 1765 praesidibusque
529 1655 556 1697 et
574 1647 655 1698 maris
672 1654 699 1698 et
717 1648 833 1700 locorum
851 1648 902 1699 diis
920 1647 1049 1700 sacrificio

137 1715 219 1783 lacto,
232 1715 266 1766 ad
280 1731 394 1766 cassem
407 1715 491 1766 rediit.

175 1788 217 1836 38.
237 1785 305 1838 Hinc
329 1781 472 1836 adversum
498 1783 598 1836 flumen
624 1783 706 1837 suhit⁴
728 1784 828 1853 classis,
849 1795 875 1837 et
899 1785 980 1836 altero
1003 1784 1049 1836 die

136 1850 252 1923 appulsa
271 1863 311 1904 est
330 1853 400 1905 haud
428 1853 517 1922 procul
543 1853 602 1905 lacu
621 1853 696 1922 salso,
715 1853 791 1922 cujus
808 1854 938 1920 incognita
956 1859 1049 1905 natura

137 1923 281 1992 plerosque
294 1922 401 1992 decepit
413 1931 513 1974 temere
526 1922 657 1989 ingressos
676 1927 783 1990 aquarn.
820 1923 924 1990 Quippe
944 1921 1049 1975 scabies

137 2008 247 2062 corpore
260 1991 364 2061 invasit,
377 2000 404 2044 et
417 1992 580 2059 contagium⁵
593 1990 675 2044 morbi
688 1992 769 2043 etiam
787 1991 814 2044 in
832 1991 899 2042 alios
910 1990 1048 2058 vulgatum

137 2070 189 2118 est.
226 2061 321 2114 Oleum
341 2061 458 2114 remedio
476 2061 534 2113 luit.
571 2061 703 2113 lieonnato
727 2059 823 2112 deinde
849 2059 1000 2128 praemisso,
1019 2071 1048 2113 ut

137 2141 235 2200 puteos
253 2130 362 2199 foderet,
376 2147 428 2210 qua
441 2130 555 2182 terrestri
568 2131 661 2182 itinere
674 2129 800 2182 ducturus
817 2130 963 2183 exercitum
975 2128 1048 2182 vide·

138 2201 225 2268 batur,
251 2200 348 2270 quippe
372 2217 443 2252 sicca
466 2209 521 2252 erat
547 2201 624 2266 regio,
649 2198 705 2266 ipse
729 2203 792 2251 curn
816 2199 898 2268 copiis
921 2199 1047 2267 subsistit,

136 2283 254 2322 vernum
278 2277 384 2340 ternpus
408 2269 573 2339 expectans.⁶
617 2269 725 2320 interim
750 2275 776 2320 et
800 2269 879 2321 urbes
908 2268 1049 2338 pleresque

138 2338 268 2393 condidit.
304 2338 427 2391 Nearcho
444 2347 523 2406 atque
542 2337 686 2391 Onesicrito
703 2338 827 2390 nauticae
846 2340 882 2391 rei
896 2337 988 2406 peritis
999 2339 1049 2392 im·

137 2408 252 2479 pererit,
277 2416 306 2460 ut
330 2407 507 2460 validissimas
530 2407 638 2459 navium
668 2407 830 2462 deducerent
854 2409 880 2460 in
903 2409 1047 2477 Oceanum,

138 2476 324 2548 progressique
343 2476 430 2546 quoad
451 2485 506 2529 tuto
525 2483 639 2546 possent,
656 2486 778 2531 naturam
797 2477 1049 2532 mansuescerent:

137 2547 184 2600 vel
197 2547 292 2599 eodem
305 2564 393 2616 amne,
407 2547 450 2598 vel
464 2547 598 2616 Euphrate
611 2547 700 2599 subire
718 2564 764 2600 eos
781 2564 866 2616 posse,
879 2563 941 2599 cum
955 2546 1049 2599 reverti

138 2616 174 2670 ed
188 2633 218 2669 se
231 2615 339 2669 vellent.

176 2691 217 2738 39.
236 2686 351 2755 Jamque
364 2684 484 2754 mitigata
495 2683 592 2752 hieme,
606 2693 632 2736 et
645 2684 765 2753 navibus,
779 2699 847 2753 quae
860 2683 966 2735 inutiles
978 2682 1050 2734 vide-

137 2755 245 2824 bantur,
264 2755 398 2824 crematis,
419 2764 488 2807 terre
510 2753 625 2808 ducebat
648 2754 814 2818 erreroitum.⁷
848 2752 933 2804 Nonis
958 2751 1051 2804 castris

171 2877 178 2900 ¹
190 2871 242 2918 ‘He
255 2869 383 2918 continued
394 2879 419 2917 to
430 2868 479 2916 sit!
690 2926 696 2936 .

160 2935 181 3000 '²
190 2935 197 2957 ⁴
206 2929 353 2978 Sometimes
364 2927 478 3010 opposed,
491 2926 631 2976 sometimes
642 2927 736 2986 subject
747 2933 772 2972 to
783 2924 824 2974 the
836 2925 963 2976 command
973 2926 1001 2974 of
1008 2925 1050 2976 the

140 2990 375 3116 dllfllerdlnseedidddly
386 3045 593 3106 eltermidnight.’
721 3105 726 3116 ι

170 3113 180 3136 ⁴
190 3108 258 3155 Eren
268 3106 370 3154 wrrhout
382 3105 423 3152 the
434 3108 565 3159 aduersum,
572 3103 663 3165 flumen
673 3105 751 3152 subire
758 3101 838 3152 would
849 3103 910 3152 have
920 3113 999 3153 meant
1011 3109 1051 3153 ‘to

141 3167 188 3237 sail
199 3182 231 3226 up
243 3167 284 3213 the
295 3165 381 3246 ripen¹
394 3164 430 3212 lor
440 3165 517 3212 subire
527 3161 635 3224 signifies
647 3166 687 3210 ‘to
698 3178 729 3223 go
739 3161 800 3210 from
808 3162 887 3212 below
896 3179 927 3224 up
936 3172 961 3210 to
970 3177 1049 3212 some·

140 3226 407 3341 thlnldddboddinmonly
417 3282 531 3342 contagio.

168 3343 216 3391 ‘In
228 3342 269 3389 the
280 3356 337 3400 year
348 3345 391 3393 325
403 3355 426 3387 a.
435 3353 456 3386 c.

170 3399 329 3450 'Alexander
339 3409 394 3447 sent
404 3397 467 3447 back
478 3396 520 3445 the
563 3403 630 3446 auter
645 3405 697 3458 pert
714 3399 742 3447 oi
753 3399 795 3448 the
814 3413 890 3461 army,
901 3399 978 3449 undet
990 3401 1048 3450 Cra·

139 3471 217 3518 urus,
230 3459 336 3520 through
347 3457 482 3506 Arachosia
595 3457 690 3520 amane,
700 3465 726 3506 to
736 3458 872 3527 Germania
899 3459 939 3508 He
946 3460 1048 3510 himself
