2294 3842
460 237 553 286 uass
571 237 636 298 vrri.
941 225 1000 280 aba

89 349 179 417 amis,
192 347 348 402 transibant.
383 346 425 401 lbi
444 346 515 399 lesia
535 346 634 416 proelia
651 347 874 417 conserebantur,¹
886 356 913 401 et
931 357 1001 402 uter·

89 435 143 488 qne
162 435 212 472 rex
231 433 329 488 parvae
349 417 388 469 rei
405 415 556 468 discrimine
577 433 700 470 summae
720 417 904 486 experiebatur
922 435 1001 472 even·

89 497 156 540 tam.
200 488 327 540 Ceterum
350 485 377 539 in
399 483 580 538 Maoedonum
604 485 723 538 exercitu
750 487 898 540 temeritate
921 497 1002 557 atque

89 556 203 609 audacia
230 556 350 624 insignes
377 554 452 608 fuere
481 554 659 625 Symmachus
688 565 715 608 et
745 556 868 624 Nicanor,
898 557 1002 610 nobiles

89 624 208 694 juvenes,
222 636 250 678 et
262 633 390 694 perpetua
400 624 515 693 partium
527 623 658 678 felicitate
674 623 708 676 ad
727 626 905 694 spernendum
922 643 1002 679 omne

90 695 241 764 padomum
265 695 382 746 accensi.
425 693 492 751 Quis
514 693 637 747 duoibus²
660 694 847 763 promptissimi
872 695 1002 764 juvenum

90 763 193 816 lanceis
209 762 288 816 modo
305 761 401 816 armati
420 771 590 816 transnavere
608 763 634 816 iu
646 763 769 832 insulam,
782 779 864 831 quam
877 764 1003 832 frequens

90 833 176 898 bostis
194 833 319 900 terrebat;
344 831 496 900 multosque
515 831 648 900 ludorum,
667 832 740 885 nulla
758 849 787 884 re
806 833 905 885 melius
920 849 1002 901 quam

89 901 202 954 audacia
222 903 325 969 armati,
347 902 545 954 iuteremerunt.
581 901 662 954 Abire
685 918 747 954 eum
769 900 851 970 gloria
874 909 1001 970 poteraut,

90 972 112 1024 si
124 987 244 1040 unquam
257 970 393 1023 temeritas
404 970 471 1023 felix
481 971 610 1023 inveniret
622 970 747 1039 modum3
765 970 813 1022 sed
831 969 895 1024 dum
914 987 1002 1039 super·

91 1043 232 1093 venientes
249 1040 423 1109 contemptim
441 1048 468 1092 et
486 1039 600 1108 superbe
612 1055 745 1119 quoquae
799 1047 878 1108 etant,
892 1039 1002 1092 circum-

90 1110 163 1162 venti
181 1109 217 1162 ab
235 1109 284 1178 his,
296 1110 341 1177 qni
353 1109 448 1162 occulti
460 1116 613 1178 ensuerunt,
625 1125 762 1162 eminuso
783 1109 833 1160 ruti
853 1108 915 1162 telis
932 1117 1002 1162 sunt.

89 1179 142 1238 Qui
161 1179 311 1247 effugerant
334 1177 439 1232 hostem
461 1186 508 1230 aut
531 1179 633 1247 impetu
656 1177 744 1231 amuis
766 1177 849 1231 ablati
869 1186 937 1247 sunt,
956 1185 1002 1232 aut

90 1249 239 1301 verticibus
251 1247 378 1317 impliciti.

124 1323 166 1370 to.
188 1318 282 1386 anue
308 1332 395 1386 pugna
421 1316 536 1369 multum
558 1317 618 1370 Pori
641 1315 768 1370 fiduciam
792 1317 884 1386 erexit,
908 1324 1003 1370 ounota

89 1387 225 1440 cernentis
243 1404 258 1439 e
277 1386 341 1455 ripa
378 1385 538 1454 Alexander,
558 1387 634 1456 inops
650 1385 772 1456 consilii,⁸
783 1387 891 1439 tandem
907 1385 942 1438 ad
954 1385 1003 1438 ial-

91 1456 201 1509 laudum
231 1455 335 1508 hostem
364 1455 444 1507 talem
473 1455 564 1508 dolum
593 1454 726 1508 intendit.⁴
768 1456 831 1509 Erat
861 1455 947 1508 insula
974 1455 1002 1508 in

92 1525 202 1578 flumine
216 1525 328 1595 amplior
339 1519 443 1594 ceteris,
457 1525 585 1577 silvestris
600 1524 697 1578 eadem
715 1531 742 1577 et
761 1525 882 1594 tegendis
899 1524 1003 1578 insidiis

90 1604 159 1664 apta
200 1594 281 1656 Fossa
293 1609 399 1663 quoque
410 1593 527 1663 praealta
539 1593 610 1648 haud
622 1593 712 1663 procul
726 1595 788 1674 ripa,
802 1611 882 1665 quam
895 1595 1003 1648 tenebat

91 1666 157 1734 ipse,
175 1681 227 1716 non
247 1662 352 1733 pedites
370 1663 456 1734 modo,
476 1663 625 1716 sedetiam
645 1679 707 1716 cum
725 1679 803 1733 equis
814 1665 884 1716 viros
901 1672 1003 1732 poterat

90 1731 265 1786 abscondere.
305 1733 387 1802 igitur
399 1741 427 1784 ut
439 1749 455 1784 a
466 1732 587 1789 custodia
599 1731 680 1802 hujus
690 1733 902 1802 opportunitatis⁵
912 1733 1003 1786 oculos

90 1801 207 1856 bostium
227 1809 366 1870 averteret,
385 1801 569 1856 Ptolemaeum
586 1801 709 1854 omnibus
728 1802 822 1854 turmis
838 1801 1003 1870 obequitare⁶

88 1871 168 1942 jussit
188 1871 279 1942 procul
298 1872 391 1940 insula,
404 1881 432 1924 et
451 1869 565 1925 subinde
582 1869 662 1924 ludos
678 1869 794 1924 elamore
807 1879 912 1940 terrere,
925 1871 1002 1940 quasi

89 1941 193 1995 flumen
211 1949 393 1994 transnaturus
409 1940 486 1994 foret.
521 1940 573 1993 Per
589 1939 740 2010 complures
756 1939 816 1993 dies
833 1939 1003 1993 Ptolemaeus

89 2012 115 2064 id
129 2011 203 2080 feeit,
215 2026 301 2080 eoque
319 2009 426 2064 oonsilio
444 2011 540 2064 Porum
553 2020 659 2078 qnoque
671 2025 769 2077 agrum
787 2025 865 2062 suum
883 2009 908 2060 ei
926 2009 1001 2078 parti,

89 2097 170 2152 quam
189 2097 219 2131 se
237 2088 328 2150 petere
341 2079 490 2149 simulabat,
504 2079 590 2146 coegit
602 2077 748 2132 advertere.
784 2079 844 2132 Jam
856 2085 930 2130 extra
942 2093 1002 2129 oon-

89 2159 214 2220 spaotum
225 2148 309 2202 hostis
321 2148 406 2202 insula
418 2157 483 2202 erat.
520 2147 674 2202 Alexander
686 2147 712 2202 in
725 2146 830 2200 diversa
842 2154 916 2226 parte
928 2147 1002 2215 ripae

89 2219 170 2272 statui
184 2234 263 2271 suurn
275 2217 476 2272 tabernaculum
486 2216 572 2288 jussit,
582 2224 770 2286 assuetamque
782 2215 902 2270 comitari
914 2218 1001 2285 ipsum

89 2288 227 2341 cohortem
244 2296 306 2340 ante
325 2286 352 2340 id
371 2286 661 2355 tabemaculumstare,
675 2293 702 2338 et
719 2302 826 2340 omnem
844 2295 1001 2356 apparatum

90 2358 179 2428 regiae
203 2357 419 2438 magnificentiae
442 2355 558 2409 bostium
578 2355 663 2408 oeulis
681 2355 715 2407 de
738 2355 866 2411 industria
888 2355 1001 2409 ostendi.

88 2427 212 2492 Attalum
224 2437 315 2495 etiam,
327 2425 470 2496 aequalem
482 2425 531 2478 sibi
553 2433 581 2478 et
597 2423 671 2479 haud
689 2423 822 2496 disparem
840 2425 931 2479 habitu
949 2425 1002 2477 oris

88 2507 117 2550 et
128 2496 253 2576 eorporis,
265 2496 356 2564 utique
371 2511 434 2548 cum
452 2464 542 2565 procul
554 2495 689 2564 viseretur,
702 2505 778 2548 veste
796 2496 867 2564 regia
884 2503 999 2563 exornat,
1069 2490 1072 2504 '

88 2566 273 2636 praebiturum
284 2565 402 2634 speciem
415 2564 422 2616 i
456 2581 501 2616 um
514 2581 605 2632 regern
623 2564 661 2617 illi
680 2565 753 2634 ripae
770 2565 939 2634 praesidere,⁷
951 2580 1001 2615 neo

87 2636 192 2704 agitare
211 2634 246 2686 de
267 2633 387 2686 transitu.
449 2633 508 2702 ujus
527 2633 628 2686 oonsilii
647 2633 775 2686 effectum
797 2634 880 2702 primo
899 2641 1001 2685 morata

89 2711 239 2774 tempestas
257 2710 306 2772 est,
325 2719 388 2755 mox
407 2701 517 2772 adjuvit,
539 2702 707 2755 incommoda
725 2717 831 2770 quoque
857 2701 891 2752 ad
915 2701 999 2754 bonos

117 2841 125 2864 ¹
139 2833 306 2883 ‘Skirmishes
317 2847 381 2882 were
393 2847 423 2881 en
441 2833 502 2894 agad
513 2832 554 2880 in!

115 2899 126 2925 ⁸
139 2894 226 2942 ‘With
237 2893 308 2941 these
318 2901 343 2940 at
353 2892 417 2940 their
424 2847 505 2940 lead:
528 2950 533 2960 ·
728 2936 730 2942 ,

115 2958 125 2982 ⁸
138 2951 290 3001 ‘Possessed
298 2951 327 3000 os
334 2967 365 3000 no
373 2951 428 3011 plan
437 2952 453 3010 ;’
464 2951 514 2999 that
526 2966 556 3006 rs,
566 2949 597 2998 he
606 2947 654 2997 bad
664 2946 721 3014 long
731 2946 793 2994 been
801 2943 889 2992 unable
898 2954 923 2992 to
931 2961 1000 2994 come

86 3002 999 3128 ‘landabiliter{thitffililitzttttlttilltt}{tabent

86 3130 117 3178 In
128 3131 171 3178 the
182 3145 250 3177 same
261 3144 362 3177 manner
372 3131 425 3186 iter,
433 3105 522 3195 ’bellam
532 3127 661 3174 intendere.

116 3197 125 3221 ¹
138 3187 265 3237 ‘Scitable
276 3203 303 3236 or
314 3188 455 3236 convenient
467 3183 658 3233 crroumstance.’

114 3255 125 3280 ⁸
139 3247 196 3295 ‘To
205 3247 257 3295 ride
268 3247 341 3308 along
350 3246 392 3294 the
403 3245 469 3294 bank
479 3243 507 3292 ol
522 3243 563 3292 the
579 3243 650 3299 river,
664 3241 724 3290 with
735 3241 768 3290 all
778 3241 819 3290 the
829 3251 910 3300 troops
921 3239 949 3308 of
960 3255 999 3288 ca-

86 3307 166 3376 valry,
179 3307 335 3368 threatening
346 3306 386 3354 the
396 3303 501 3363 enemy.¹
527 3303 582 3370 'l'lie
592 3301 657 3370 ideas
664 3301 692 3350 ol
702 3301 806 3363 ‘along‚‘
820 3301 867 3350 and
879 3298 1000 3360 ‘agatnen’

86 3381 127 3414 are
139 3365 241 3474 rprpliad
251 3365 276 3413 in
286 3367 319 3414 ob.
351 3366 389 3413 As
400 3374 425 3412 to
435 3363 477 3410 tha
489 3361 594 3410 ablativa
605 3360 700 3410 instead
710 3360 738 3410 of
748 3378 808 3420 mss,
822 3373 932 3418 compare
945 3365 1002 3406 note

85 3426 136 3474 viii.
166 3430 187 3473 l.

114 3489 123 3513 ¹
137 3483 218 3534 ‘Was
228 3483 363 3544 ocoapyiug
372 3482 426 3531 that
436 3489 490 3542 part
501 3480 529 3530 ol
536 3479 578 3529 the
588 3479 671 3529 bank!
