2294 3842
491 259 584 302 amare
601 258 645 301 rx.
959 237 1020 300 ⁸260

104 369 288 440 complexum,
300 369 389 424 adhuc
402 369 428 422 in
439 386 547 440 operum
562 386 668 423 suorum
687 369 828 439 primordio
845 378 931 422 stare:
951 368 1019 420 mili·

105 449 171 510 tem,
187 440 276 492 labore
292 439 476 508 defatigatum,
490 441 638 508 proximum
657 456 791 508 quemque
809 439 934 492 fructum¹
946 439 1019 492 finito

105 511 216 562 tandem
230 510 347 578 periculo
360 521 493 578 expetere.

140 581 166 632 8.
186 577 258 631 Vicit
281 595 344 646 ergo
367 579 462 648 cupido
487 577 624 647 rationem,
643 585 670 630 et
688 578 722 630 ad
746 578 896 630 contionem
918 577 1019 630 voeatis

104 648 246 717 militibus,
265 647 300 700 ad
325 647 396 700 hunc
414 648 531 700 maxime
551 647 660 700 modum
680 647 816 699 disseruit:
841 647 900 700 Non
919 648 1017 716 ignoro,

104 717 214 786 milites,
235 717 327 787 multa,
345 734 414 787 quae
433 726 530 769 terrere
549 733 595 768 vos
619 717 744 786 possent,¹
762 716 796 769 ab
815 716 907 768 incolis
927 716 1018 768 lndiae

103 804 152 861 per
164 787 215 839 hos
227 785 287 838 dies
299 788 333 839 de
347 786 473 838 industria
486 803 544 838 esse
560 785 674 854 jactata:
695 785 741 837 sed
761 803 812 838 non
825 793 865 836 est
877 786 1019 854 improvisa

104 857 182 909 vobis
194 856 382 910 mentientium
395 855 518 908 vanites.³
553 855 595 907 Sic
607 855 714 908 Ciliciae
727 855 826 924 fauces,
840 853 880 907 sic
896 855 1018 923 Mesopo·

104 926 206 980 tamiae
225 942 338 995 campos.
356 926 455 992 Tigrim
475 935 500 977 et
521 924 682 994 Euphraten,
695 941 807 993 qnorum
825 923 938 980 alterum
951 922 1019 975 vado

105 995 288 1064 transivimus,
320 1004 433 1048 aterum
468 1005 554 1063 ponte,
586 995 731 1046 terribilem
762 994 880 1045 fecerant
910 993 1017 1046 Persae.

103 1065 253 1134 Nunquam
277 1063 311 1115 ad
337 1063 466 1132 liquidum
492 1063 563 1114 fama
590 1061 755 1132 perducitur:
783 1063 879 1131 omnia,
898 1061 942 1114 illa
968 1071 1017 1112 tra-

103 1133 195 1202 dente,
209 1134 311 1202 majora
329 1143 389 1186 sunt
407 1149 476 1184 vero.
513 1133 608 1184 Nostra
627 1149 732 1201 quoque
749 1131 839 1202 glorie,
852 1149 913 1184 cum
932 1131 966 1182 sit
984 1145 1018 1184 ex

104 1201 212 1274 solido,⁴
225 1203 286 1274 plus
299 1212 387 1255 tamen
401 1201 482 1254 habet
501 1202 621 1270 nominis,
634 1219 716 1272 quam
734 1219 748 1252 o
768 1202 828 1254 eris.
865 1200 947 1254 Modo
959 1199 1018 1269 quis

101 1271 202 1326 beluas
220 1272 363 1324 offerentes
376 1272 509 1324 moenium
524 1273 651 1340 speciem,
665 1273 725 1340 quis
763 1271 880 1342 ydaspen
899 1285 1016 1337 amnem,

102 1343 165 1414 quis
177 1353 268 1394 cetera
280 1341 372 1393 auditu
391 1340 498 1410 majora,
512 1358 592 1409 quam
605 1358 674 1408 vero,
689 1343 819 1393 sustinere
833 1357 908 1410 posse
927 1339 1017 1393 crede-

101 1411 171 1465 bat?
208 1411 279 1464 Olim
299 1409 404 1463 hercule
424 1409 586 1477 fugissemus
604 1427 638 1463 ex
655 1411 726 1480 Asia,
741 1411 763 1462 si
782 1427 829 1462 nos
846 1409 952 1463 fabulae
972 1409 1017 1461 de·

103 1481 207 1534 bellare
220 1480 375 1549 potuissent.
411 1479 559 1532 Creditisne
573 1478 772 1549 elephantorum
790 1496 886 1548 greges
904 1480 1018 1549 majores

103 1568 175 1618 esse,
201 1567 282 1618 quam
305 1565 417 1618 usquam
440 1558 619 1601 armentorum
643 1550 721 1602 suntl
746 1566 807 1602 cum
831 1561 858 1600 et
877 1565 965 1600 rarum
984 1548 1021 1600 sit·

102 1619 214 1687 animal,
234 1636 283 1670 nec
307 1617 386 1670 facile
410 1618 536 1686 capiatur,
554 1618 692 1687 multoque
716 1619 854 1672 difficilius
872 1619 1016 1686 mitigetur.

102 1689 190 1758 Atqui
203 1687 300 1740 eadem
313 1689 416 1740 vanitas
429 1687 519 1755 copias
532 1687 652 1756 pediturn
665 1688 837 1758 equitumque
857 1687 1016 1742 numeravit.

101 1759 176 1812 Nam
196 1758 305 1826 flumen,
324 1775 376 1826 quo
400 1757 479 1808 latius
502 1756 590 1808 fusum
615 1766 663 1822 est,
682 1772 732 1809 noc
749 1758 880 1827 placidius
898 1764 1016 1824 stagnat:

101 1829 204 1898 quippe
226 1829 346 1895 angustis
373 1826 436 1895 ripis
461 1827 582 1894 coercita,
602 1834 629 1877 et
655 1827 682 1878 in
706 1828 884 1894 angustiorem
909 1826 1017 1878 alveum

91 1897 181 1965 elisa,
195 1904 325 1948 torrentes
344 1911 428 1964 aquas
447 1896 573 1948 invehunt
584 1897 602 1962 3⁵
614 1905 703 1946 contra
721 1894 805 1964 spatio
825 1895 895 1947 alvei
914 1896 1017 1962 segnior

100 1983 199 2018 cursus
211 1983 248 2018 es.
286 1965 426 2018 Praeterea
438 1963 463 2017 in
477 1965 531 2034 ripa
543 1980 622 2016 omne
643 1965 789 2032 periculum
809 1973 856 2031 est,
871 1963 916 2018 ubi
934 1963 1017 2032 appli-

101 2045 198 2088 cantes
207 2034 313 2102 navigia
323 2034 406 2087 hostis
415 2043 546 2104 expectat.
576 2035 615 2086 lta
625 2043 859 2103 quantumcunque
868 2034 970 2086 fiumen
980 2033 1016 2086 itr-

102 2104 228 2172 tervenit,
243 2104 316 2156 idem
328 2103 445 2156 futurum
459 2103 602 2155 discrimen
616 2112 656 2154 est
669 2103 841 2156 evadentium
854 2104 879 2155 in
892 2111 999 2154 terram.

139 2178 163 2226 9.
184 2173 236 2226 Sed
260 2173 349 2226 omnia
373 2174 422 2224 ista
446 2189 509 2224 vera
533 2189 592 2224 esse
622 2172 761 2240 fingamus.
807 2171 947 2225 Utrumne⁶
971 2187 1018 2224 vos

101 2242 261 2310 magnitudo
285 2241 433 2311 beluarum,
452 2259 486 2293 an
511 2241 652 2297 multitudo
671 2241 786 2294 hostium
805 2242 905 2295 terretl
940 2241 1017 2300 Quod

101 2313 218 2383 pertinet
238 2312 273 2364 ad
297 2311 459 2380 elephantos,
479 2327 606 2380 praesens
633 2311 764 2364 habemus
791 2311 962 2381 exemplum:
990 2312 1016 2364 in

101 2399 164 2434 suos
182 2381 378 2447 vehementius,
392 2398 471 2448 quam
492 2381 518 2433 in
537 2397 583 2432 nos
603 2380 775 2449 incurrerunt,
795 2390 849 2434 tam
868 2391 944 2434 vasta
962 2397 1017 2433 cor·

101 2468 167 2520 pora
185 2449 324 2503 securibus
342 2449 500 2519 facibusque
517 2450 640 2503 mutilata
664 2459 733 2505 sunt.
770 2451 839 2510 Quid
865 2461 956 2505 autem
979 2453 1017 2504 in·

102 2529 193 2589 terest,
207 2519 317 2572 totidem
337 2519 398 2588 sint,
416 2530 480 2588 quot
501 2520 582 2573 Porus
602 2520 700 2590 habuit,
722 2539 756 2573 an
776 2522 824 2574 tria
843 2521 936 2574 miliat
954 2537 1015 2574 curn

90 2603 156 2642 ¹uno
175 2597 223 2642 aut
241 2590 323 2642 altaro
336 2588 480 2642 vulneratis
494 2597 601 2642 ‘ceteros
620 2591 647 2642 in
666 2591 758 2658 fugam
777 2591 915 2644 declinari⁷
926 2590 1017 2643 videa·

106 2686 137 2694 .—

133 2729 223 2776 ²‘The
240 2737 335 2777 nearest
351 2728 495 2790 advantage,
508 2729 631 2778 whatever
646 2731 664 2778 it
679 2745 735 2790 may
747 2731 801 2787 ber’
813 2730 855 2777 the
871 2739 975 2786 nearest,
988 2746 1015 2778 as

103 2787 145 2836 the
157 2797 221 2836 most
232 2787 360 2836 desirable.

133 2847 170 2894 'lt
182 2847 261 2908 might
272 2847 324 2895 also
335 2847 396 2894 have
408 2849 468 2895 been
476 2851 583 2910 possiam
596 2849 639 2896 but
651 2863 692 2896 see
705 2847 802 2906 Zumpt,
815 2846 829 2898 b
840 2850 891 2894 515.

87 2961 90 2966 ,
132 2905 431 2954 '‘Untrustworthiness.’

132 2970 141 2993 ⁸
152 2965 289 3026 ‘Although
301 2965 320 3033 ir
330 2975 393 3012 rests
404 2980 434 3012 on
446 2981 460 3013 a
470 2965 524 3014 firm
535 2965 692 3032 foundation!

133 3025 256 3072 “Rivers
272 3023 352 3072 which
369 3037 408 3072 are
424 3025 557 3072 restrainad
569 3024 653 3070 within
669 3023 858 3081 narrowbanks,
871 3024 918 3072 and
934 3021 1016 3074 forced

102 3083 156 3146 into
171 3099 186 3132 a
202 3083 304 3132 charmel
320 3098 441 3131 narrower
457 3083 517 3131 than
537 3083 596 3143 they
613 3082 732 3143 naturally
748 3083 852 3143 require,
869 3085 928 3132 bear
944 3083 1015 3147 along

97 3141 195 3192 furious
207 3149 243 3198 (or
255 3143 427 3201 ‘impetuosas
438 3143 543 3190 waters’

130 3202 188 3249 'As
199 3211 224 3249 to
236 3199 276 3248 the
287 3200 457 3261 interrogative
469 3200 592 3260 particles,
606 3215 648 3248 see
661 3201 741 3266 Gran,
754 3202 767 3253 b
780 3205 831 3260 197,
846 3207 881 3260 1⁰,
893 3211 953 3253 note
964 3206 985 3250 l.

131 3263 247 3314 'Declino
257 3265 278 3312 is
288 3266 429 3313 sometimes
440 3264 500 3314 used
511 3265 670 3326 transitively,
684 3265 710 3313 ‘l
722 3275 776 3314 turn
788 3268 865 3326 away'
876 3265 1015 3328 something

102 3331 224 3390 (compare
241 3324 406 3387 ix.16,prcpc
416 3326 483 3385 fise),
496 3322 543 3372 and
561 3325 737 3406 consequentlp
747 3326 789 3373 the
806 3326 901 3396 passive
919 3340 964 3374 can
983 3327 1014 3374 be

101 3383 171 3439 used,
190 3399 217 3430 ss
233 3381 300 3450 here,
312 3385 424 3439 decliner,
445 3383 520 3431 ‘lam
535 3384 623 3432 turned
633 3399 717 3444 away;
745 3387 788 3434 but
805 3396 823 3432 rt
839 3386 859 3433 is
875 3384 1015 3446 commonly

101 3441 195 3492 treated
207 3457 234 3489 as
245 3457 276 3490 arr
286 3442 435 3490 intransitive
446 3444 513 3498 verb,
529 3441 555 3491 ‘I
566 3453 622 3492 turn
637 3445 715 3505 away'
727 3444 823 3506 myself.
854 3443 980 3493 Declinore
989 3444 1015 3494 in

101 3516 146 3552 our
160 3510 214 3550 text
230 3499 312 3549 would
327 3499 446 3550 therefore
462 3501 524 3550 hate
538 3503 602 3552 been
615 3517 683 3552 more
699 3503 725 3552 in
739 3503 885 3552 accordauce
900 3503 961 3553 with
975 3517 1013 3553 or·
