2274 3844
142 235 201 291 282
410 249 449 289 u}
473 247 581 290 essars
602 247 778 289 crannum

143 359 209 414 tium
226 359 327 428 pignus,
343 375 425 426 quern
443 357 558 410 divisum
577 355 664 424 gladio
682 364 793 425 uterque
812 355 931 409 libabat.¹
965 355 1055 410 Credo
1131 411 1133 428 ,

142 445 195 495 eos,
217 429 262 548 pul
281 429 370 496 gentis
388 443 476 480 mores
494 425 674 494 condiderunt,
695 441 773 495 parco
797 435 823 477 et
848 427 957 494 parabili
980 429 1053 480 victu
1131 429 1133 476 Ξ

141 507 278 620 ἓῖξὲτοηῑ.
311 566 368 619 Hoc
380 565 458 619 modo
470 581 516 618 rex
528 564 609 618 Asiae
622 573 648 616 et
662 565 783 634 Europae
795 565 970 618 introductam
986 567 1053 636 intes

141 637 293 689 convivales
312 635 388 689 ludos
407 635 572 689 matrimonio
595 633 644 687 sibi
667 633 796 703 adjunxit,
816 651 832 685 a
851 635 958 704 captiva
977 639 1051 703 geni·
1132 641 1133 688 ἶ

143 717 223 774 turus,
232 707 278 826 spui
286 706 428 760 victoribus
440 707 589 774 imperaret.
619 703 739 756 Pudebat
752 703 859 770 amicos,
870 721 950 773 super
959 707 1051 758 vinum

236 514 280 550 are
294 497 409 550 voluisse
425 495 596 566 jungentibus
613 511 684 564 opes,
700 495 839 564 quantulo²
855 496 971 548 conteuti
992 513 1054 550 ease
1132 511 1133 544 t

141 783 168 828 et
186 791 237 842 epu
249 792 279 827 as
297 792 417 828 socerum
436 791 469 827 ex
487 773 585 826 deditis
602 789 662 825 esse
680 772 831 826 delectum:
851 775 899 826 sed
916 785 974 842 post
992 775 1050 828 Cliti
1132 825 1133 836 ,

140 844 255 968 {pedem
272 845 394 899 libertate
413 843 524 913 sublata,
536 843 620 913 vultu,
633 844 679 912 qui
691 843 808 896 maxime
820 844 909 914 servit,
923 846 1050 898 assentie-

177 916 256 966 ntur.⁸

179 989 218 1036 17.
237 985 361 1037 Ceterum
379 982 482 1037 Indiam
495 991 522 1036 et
534 982 596 1036 inde
609 981 745 1035 Oceanum
761 981 898 1052 petiturus,
912 999 947 1034 ne
959 983 1049 1052 quida
1132 979 1133 990 ²

142 1063 222 1121 tergo,
241 1053 311 1122 quod
329 1053 471 1106 destinata⁴
488 1051 617 1121 impedire
634 1059 731 1120 posset,
749 1061 907 1120 moveretur,
921 1067 957 1103 ex
969 1051 1050 1106 omni·
1132 1067 1133 1118 J

142 1122 192 1176 bus
214 1123 354 1192 provinciis
376 1123 447 1176 XXX
468 1122 542 1176 milia
570 1120 701 1190 juniorum
732 1121 785 1188 legi
812 1120 888 1190 jussit
913 1133 940 1172 et
964 1122 999 1174 ad
1023 1139 1051 1175 as
1132 1165 1133 1174 ,

140 1189 243 1246 armata
265 1192 382 1261 perduci,
405 1192 512 1245 obsides
534 1190 611 1244 simul
636 1191 773 1244 habitums
795 1198 823 1243 et
846 1190 954 1242 milites.
992 1191 1051 1244 Cra-

141 1271 226 1314 terum
245 1271 333 1315 autem
355 1261 389 1315 ad
409 1260 606 1342 persequendos
623 1260 785 1313 Haustanem
805 1268 831 1312 et
849 1261 988 1330 Carenem,
1007 1263 1052 1330 qui
1132 1313 1133 1326 ζ

140 1331 175 1385 ab
200 1333 255 1400 ipso
278 1331 440 1400 deiecerant,
464 1333 553 1383 misit:
576 1346 688 1400 quorum
712 1331 861 1383 Haustanes
883 1339 980 1400 captus
1004 1341 1050 1402 est,
1132 1337 1133 1366 i

141 1401 255 1454 Catanes
278 1401 304 1453 in
327 1400 425 1471 proelio
447 1400 559 1453 occisus.
596 1400 757 1522 Polppercon
779 1415 884 1469 quoque
906 1402 1050 1472 regionem,
1132 1417 1133 1470 ᾗ

140 1486 209 1539 quae
233 1469 374 1522 Bubacene
397 1469 564 1538 appellatur,⁵
587 1469 613 1522 in
656 1469 771 1522 icionem
794 1469 905 1537 redegit.
948 1470 1050 1540 ltaque,
1132 1479 1133 1518 t

140 1539 264 1592 omnibus
282 1539 441 1608 compositis,
463 1539 636 1608 cogitationes
654 1539 679 1592 in
700 1538 801 1592 bellurn
822 1538 943 1592 lnrlicum
964 1541 1051 1592 vertit.
1132 1543 1133 1608 J

141 1608 222 1661 Dives
243 1609 315 1676 regio
333 1607 480 1661 habebatur
498 1625 548 1662 non
567 1623 630 1661 auro
648 1608 734 1678 modo,
748 1607 795 1662 sed
810 1609 927 1677 gemmis
945 1625 1052 1680 quoque
1132 1615 1133 1654 1

36 1719 39 1725 .
128 1678 348 1746 margaritisque,
372 1677 407 1730 ad
431 1677 525 1732 luxum
553 1678 640 1746 magis
662 1695 744 1748 quam
766 1677 800 1730 ad
824 1679 1052 1746 magnificentiam
1132 1697 1133 1702 ¹

141 1746 254 1799 exculta.
291 1747 371 1800 Periti
394 1747 523 1800 militares
545 1763 609 1802 auro
632 1759 659 1800 et
682 1748 762 1801 ebore
780 1747 882 1816 fulgere
900 1747 1053 1802 dicebant.⁴

141 1816 238 1885 itaque,
270 1817 366 1870 necubi
390 1817 546 1886 vinceretur,
573 1832 635 1870 cum
665 1817 761 1870 ceteris
789 1825 943 1886 praestaret,
972 1817 1052 1870 acutis
1132 1827 1133 1834 ’

140 1894 280 1954 argenteas
298 1887 429 2009 tamtmpt
446 1886 524 1957 equis
541 1887 629 1940 frenos
645 1903 740 1940 aureos
758 1885 866 1955 addidit,
880 1885 1051 1966 loricasque

140 1971 193 2026 que
213 1956 280 2009 alias
300 1973 371 2026 auro,
391 1973 458 2010 aras
476 1966 585 2026 argento
603 1956 747 2009 adornavit.
784 1956 852 2008 CXX
871 1956 947 2008 milia
968 1975 1052 2010 anna·

141 2035 225 2079 torum
239 2035 321 2095 erant,
334 2041 403 2096 qnae
416 2043 505 2106 regem
518 2026 553 2079 ad
565 2026 591 2079 id
604 2025 705 2079 bellum
718 2024 903 2095 sequebantur.
938 2027 1053 2096 Jamque

140 2095 265 2149 omnibus
293 2105 463 2166 praeparatis,
487 2095 557 2165 quod
581 2095 645 2150 olim
668 2113 749 2166 prava
771 2104 862 2148 mente
885 2105 1051 2166 conceperat,
1131 2131 1132 2150 2

141 2173 204 2218 tunc
225 2181 285 2218 esse
304 2174 437 2218 maturum
457 2174 536 2236 ratus,
556 2182 671 2234 quonam
692 2164 771 2218 modo
791 2164 922 2217 coelestes
942 2165 1054 2218 honores
1131 2195 1132 2204 ι

141 2245 285 2303 usurparet,
304 2235 392 2304 coepit
409 2235 519 2302 agitare.
554 2235 628 2289 Jovis
645 2234 730 2288 filiurn
748 2251 799 2287 non
817 2233 869 2286 dici
888 2243 995 2288 tanturn
1015 2251 1051 2304 aa,
1130 2249 1131 2300 ς

142 2302 189 2354 sed
207 2304 290 2356 etiarn
309 2304 382 2356 credi
399 2304 513 2374 volebat,
531 2312 659 2374 tanquam
677 2303 786 2374 perinde
803 2303 903 2356 animis
920 2304 1053 2373 imperare

141 2380 230 2493 posset
247 2387 279 2423 ac
297 2371 401 2441 linguis,
415 2373 505 2442 itaque
517 2379 591 2426 more
609 2374 748 2426 Persarum
767 2373 933 2426 Macedonas
946 2391 1054 2426 venera·
1129 2377 1131 2442 ξ

160 2439 254 2492 undos⁸
272 2441 279 2490 i
300 2457 359 2493 sum
386 2441 500 2494 salutare
526 2450 723 2512 prosternentes
746 2442 822 2496 humi
840 2459 958 2512 corpora.
995 2445 1054 2497 Non
1130 2447 1131 2480 l

141 2509 234 2561 deerat
257 2457 319 2561 talia
348 2511 546 2580 concupiscenti
572 2513 719 2580 perniciosa
742 2511 866 2582 adulatio,
892 2523 1053 2583 perpetuum

171 2623 179 2646 ¹
192 2617 248 2686 Ὀ(
256 2617 335 2666 which
346 2618 406 2667 each
416 2619 472 2668 ata’
505 2619 625 2682 Compare
635 2637 659 2670 v.
671 2625 693 2670 Β.

170 2681 181 2707 ¹
193 2677 277 2725 ‘Wrth
288 2679 344 2724 how
356 2677 433 2726 little.’

163 2741 181 2805 Ι·
191 2735 272 2805 There
282 2753 333 2785 was
344 2737 367 2785 in
378 2737 444 2786 truth
455 2753 486 2786 no
497 2739 638 2788 reasonable
649 2739 742 2809 ground
752 2740 789 2788 sor
799 2739 907 2802 blaming
919 2741 961 2790 the
972 2759 1021 2803 you

143 2795 217 2903 inoffi}
235 2812 309 2866 srnce,
323 2796 415 2866 though
426 2797 456 2845 ha
467 2798 645 2868 wasco-doubt
657 2799 770 2869 rnflamed
781 2801 814 2861 by
825 2799 888 2856 love,
902 2801 953 2850 still
964 2802 995 2851 he
1007 2759 1054 2872 bid

142 2854 807 2987 tltqttltlttt¹t¹0tt⁰ttl¹3lltlttlttl⁸ffl⁰⁸⁰
820 2859 1050 2920 E¹¹¹⁰¹¹⁰⁸¹'‘³'¹⁸”’

171 2974 381 3082 :anrplppplpgpvp’
394 2975 636 3084 llissiidmkmffl
647 2977 727 3026 whrch
738 2978 769 3027 ho
780 2977 827 3028 bad
838 2977 950 3027 resolved
962 2981 1041 3040 upon!

161 3097 181 3160 ,⁸
195 3091 293 3159 ‘These
303 3051 431 3162 whopllere
440 3071 582 3165 acquainted
591 3094 650 3143 with
660 3094 701 3143 the
713 3106 815 3158 country
823 3097 876 3168 said
886 3096 940 3145 that
952 3097 1048 3169 thesol-

143 3149 207 3199 drers
218 3149 330 3210 glrttered
339 3153 398 3200 wnh
409 3153 465 3213 gold
476 3153 522 3203 and
532 3154 618 3214 ruory.¹
646 3153 701 3202 'I'he
710 3171 754 3204 use
762 3155 790 3204 ol
796 3159 911 3204 mulctarer
923 3155 960 3204 sor
968 3159 1050 3206 malrtcr

143 3209 187 3258 has
198 3224 230 3257 no
240 3209 315 3257 doubt
327 3211 471 3260 arslereuca
482 3222 507 3261 to
518 3212 559 3261 the
570 3212 627 3270 lact,
639 3213 691 3262 that
703 3215 744 3264 the
755 3213 861 3276 soldiery
871 3214 966 3265 formed
976 3216 1001 3264 in
1011 3215 1049 3263 ln·

143 3269 183 3356 dia
193 3278 327 3376 pppaprprsape
338 3268 409 3318 class.

172 3384 398 3446 ·‘worshipping:’
415 3391 525 3437 uenerari
539 3389 631 3445 (Greek
647 3397 773 3453 προςκυνεῖν)
789 3391 848 3442 does
864 3401 906 3442 not
923 3391 1050 3442 consistin

144 3443 444 3552 ffiffifflssssllffilm
455 3445 480 3493 in
490 3447 610 3508 throwing
619 3449 689 3498 one’s
700 3449 750 3498 aeli
756 3462 820 3512 upon
831 3449 873 3500 the
881 3451 983 3515 malind,
992 3449 1049 3500 with
