2322 3850
466 231 557 274 crana
576 231 616 274 rr.
952 217 994 276 'll

82 347 162 394 entes
178 341 278 412 raptim
294 341 375 394 tectis
390 341 545 412 acervisque
562 341 688 397 immenti
702 341 849 414 injecerant
861 342 992 412 flammas,

83 427 152 481 qnae
170 427 235 464 cum
254 411 281 465 in
299 427 406 466 summo
424 410 579 482 haesissent,
597 411 633 465 sd
650 411 773 466 inferiora
785 413 901 468 nondum
912 428 993 484 pene·

83 489 228 534 trareraut.
265 481 389 534 Extincto
408 481 487 549 igitur
505 482 573 550 igne,
594 481 738 551 plurimum
761 480 887 536 frumenti
905 499 993 554 reper-

84 558 141 604 turn
160 557 218 602 est:
236 551 314 620 copia
330 549 443 608 aliarum
459 567 565 620 quoque
584 567 672 604 rerum
689 551 824 604 abundare
841 561 992 624 coepemut.

84 620 125 673 Ea
137 637 183 672 res
194 620 254 688 ipsa
266 618 343 674 militi
352 619 385 672 sd
394 619 609 690 persequendum
617 619 722 674 hostem
730 621 852 675 animum
860 621 992 676 incendit:

84 690 185 759 quippe
204 700 298 744 urente
316 699 343 742 et
360 689 501 760 populante
519 705 551 742 eo
569 698 674 759 terram,
688 689 870 744 festinandum
881 699 946 762 erat,
959 707 994 746 ne

84 759 209 811 incendic
230 768 326 813 cuncta
344 759 517 829 praeciperet.
560 759 590 814 ln
614 761 741 812 rationem
765 775 827 829 ergo
849 761 996 815 necessitas

84 845 164 880 versa
176 831 237 898 est,¹
249 830 347 898 quippe
364 829 502 896 Mazaeus,
515 828 560 898 qui
575 837 654 882 antea
669 845 716 908 per
727 828 809 882 otium
822 828 895 882 vicus
907 831 995 886 incen-

84 897 169 967 derat,
188 897 246 967 jam
263 898 356 967 sugere
371 906 517 968 contentus,
530 897 655 977 pleraque
667 897 793 956 inviolata
804 897 872 952 hosti
884 898 995 968 reliquit.

84 967 241 1021 Alexander
252 967 323 1021 haud
335 968 439 1037 longius
450 977 559 1022 centum
570 967 761 1037 quinquaginta
772 967 866 1022 stadiis
880 967 996 1022 Dareum

84 1053 102 1089 a
113 1053 144 1088 se
155 1027 254 1090 abasse
269 1046 442 1108 compererat.
478 1038 570 1107 ltaque
588 1037 623 1090 ad
641 1037 792 1092 satietatem
804 1053 909 1107 quoque
921 1039 997 1108 copia

84 1116 289 1161 commeatuum
309 1109 457 1176 instructus,
496 1107 615 1161 uatriduo
635 1106 661 1159 iu
680 1105 777 1161 eodem
795 1105 853 1160 loco
872 1106 996 1160 substitit.

85 1176 255 1246 Interceptae
273 1177 370 1230 deinde
388 1176 467 1230 Darei
477 1124 588 1230 (litterae
604 1184 672 1246 sunt,
686 1176 782 1245 quibus
793 1175 888 1230 Graeci
899 1175 998 1230 milites

85 1245 305 1313 sollicitabantur,
317 1255 347 1300 ut
360 1263 450 1314 regem
462 1256 508 1300 aut
520 1245 704 1314 interficerent,
717 1255 763 1299 aut
777 1244 931 1316 proderent:
950 1245 997 1298 du·

85 1315 246 1385 bitavitque,
258 1317 303 1370 rm²
314 1333 361 1369 eas
372 1333 418 1386 pro
430 1316 551 1370 contione
565 1315 694 1380 recitaret,
708 1315 773 1369 satis
787 1314 903 1370 confisus
917 1315 997 1368 Grae-

85 1401 179 1438 ccnrm
197 1402 304 1455 quoque
316 1403 379 1454 erga
390 1402 420 1438 se
433 1384 627 1442 benivolentiae
638 1400 671 1436 ac
682 1383 753 1438 fidei.
789 1383 841 1438 Sed
859 1383 998 1438 Parmenio

46 1512 51 1528 ,
86 1454 223 1523 deterruit,
241 1471 292 1509 nou
310 1472 370 1508 esse
388 1451 485 1508 talibus
501 1454 637 1524 promissis
654 1452 824 1508 imbuendas³
835 1469 915 1508 aures
930 1451 997 1508 mili·

86 1532 143 1578 tum
162 1523 316 1578 affirmans:
370 1534 426 1578 tere
442 1524 486 1578 rel
504 1525 582 1577 unius
599 1522 702 1590 insidiis
715 1540 822 1593 regem:
840 1521 906 1578 nihil
923 1521 999 1578 usim

86 1610 147 1646 esse
159 1593 297 1646 avaritiae.
384 1602 444 1647 utus
455 1593 555 1646 consilii
567 1601 710 1661 auctorem,
723 1603 810 1648 castra
821 1593 912 1649 movit.

120 1669 164 1716 41.
185 1664 239 1717 lter
249 1662 357 1716 facienti
370 1664 451 1734 spado
464 1679 479 1715 e
491 1662 609 1733 captivis,
622 1662 668 1733 qui
679 1663 757 1716 Darei
768 1679 878 1718 uxorem
890 1662 997 1717 comita·

86 1733 193 1802 bantur,
205 1731 321 1786 delicere
333 1746 394 1786 eam
407 1732 515 1802 nuntiat,
529 1740 555 1785 et
567 1732 613 1784 vix
624 1732 744 1801 spiritum
755 1732 862 1787 ducere.
893 1731 999 1788 Itineris

87 1802 207 1856 continui
225 1801 314 1855 labore
332 1803 470 1872 animique
483 1799 649 1924 aspritudine
662 1800 778 1870 fatigata,
791 1802 858 1856 inter
869 1793 960 1856 socrus
970 1811 998 1856 st

7 1921 8 1926 ,
87 1872 223 1941 virginum
241 1871 356 1925 filiarum
373 1888 469 1926 manus
487 1888 518 1924 cu
530 1871 604 1940 lapsa
620 1877 684 1939 erat,
704 1869 801 1925 deinde
824 1879 852 1925 et
871 1871 996 1926 extincta.

87 1941 116 1994 ld
140 1942 232 2012 ipsum
254 1941 380 1994 nuntians
397 1940 467 1994 alius
486 1939 647 2010 supervenit.
689 1940 724 1992 Et
747 1956 794 1994 rex
816 1939 887 1994 haud
911 1956 997 2010 secus,

86 2027 169 2080 quam
182 2011 205 2062 si
216 2011 344 2080 parentis*
356 2025 426 2064 mors
438 2011 557 2064 nuntiata
568 2015 647 2077 esset,
660 2007 766 2062 crebros
777 2007 861 2063 edidit
872 2009 997 2078 gemitus,

87 2079 259 2149 lacrimisque
277 2079 382 2149 obortis,
403 2080 497 2150 quales
518 2080 620 2132 Dareus
662 2077 789 2132 refudisse
830 2078 857 2132 iu
879 2075 998 2132 taberna-

86 2149 189 2218 culum,
208 2149 235 2202 in
252 2165 305 2218 quo
324 2158 409 2203 mater
425 2159 481 2203 erat
500 2147 587 2216 Darei,
602 2093 728 2201 dedmcto
741 2085 863 2202 assidens
879 2164 924 2202 cor
959 2148 999 2218 ri,⁶

88 2220 173 2272 venit.
210 2218 261 2271 llic
279 2235 340 2272 vero
358 2230 498 2272 renovatus
515 2225 555 2270 est
573 2233 684 2284 maeror,
702 2225 732 2272 ut
749 2225 904 2286 prostratam
942 2218 998 2272 umi

87 2289 161 2342 vidit.
199 2289 310 2341 Recenti
328 2287 400 2342 malo
417 2289 531 2358 pricmnr
549 2302 654 2356 quoque
666 2286 809 2367 admonita,
823 2295 958 2357 receperat
970 2287 998 2342 iu

87 2357 223 2426 gremium
234 2355 340 2410 adultas
350 2357 475 2426 virgines,
488 2373 587 2426 magna
597 2355 707 2425 quidem
721 2365 807 2411 mutus
822 2355 920 2411 doloris
930 2356 998 2410 sola·

7 2431 9 2480 ἶ
89 2429 132 2496 tia,
146 2426 197 2479 sed
215 2425 314 2494 quibus
331 2426 388 2496 ipsa
404 2426 514 2483 deberet
531 2442 590 2478 esse
608 2424 709 2478 solatio.
744 2426 775 2480 ln
785 2435 930 2497 conspectu
941 2435 998 2481 erat

89 2514 120 2576 ne
157 2513 172 2548 s
191 2494 325 2574 parvulus,
340 2495 375 2550 ob
392 2495 419 2550 id
437 2495 524 2576 ipsum
542 2493 709 2574 miserabilis,
721 2494 791 2566 quod
809 2495 926 2551 noudum
938 2512 996 2550 seu·

88 2577 123 2618 nc
162 2575 172 2617 t
185 2563 375 2637 calamitatem,
388 2581 423 2619 ex
434 2581 550 2620 mamma
561 2572 635 2634 parte
647 2563 681 2616 ad
694 2581 781 2635 ipsum
794 2565 995 2620 redundantem.

88 2633 239 2703 Crederes,⁸
261 2633 443 2688 Alexandrum
466 2635 532 2688 inter
554 2649 617 2687 suas
638 2633 849 2690 necessitudines
872 2634 945 2706 flere,
969 2641 996 2687 et

117 2779 124 2800 ¹
138 2778 144 2799 ¹
154 2771 212 2821 The
223 2747 481 2832 necessity-nnmely‚
493 2770 522 2820 cl
532 2770 615 2830 pursui
658 2770 700 2819 the
710 2785 798 2877 enemp
808 2769 911 2839 nithout
922 2770 994 2820 iuter·

88 2831 199 2886 missicu,
213 2831 238 2879 in
248 2829 318 2878 order
329 2840 353 2878 to
364 2831 446 2878 obtain
473 2830 631 2880 revision-c
649 2829 726 2890 uuged
739 2827 808 2878 itsel
819 2837 869 2876 mtc
879 2844 894 2876 a
904 2827 960 2888 plcn
970 2843 997 2880 or

7 2929 9 2936 .
88 2901 184 2952 system
193 2889 209 2946 ;'
227 2889 320 2946 thetis,
334 2889 399 2938 what
414 2890 444 2938 be
454 2905 495 2938 ore
511 2888 557 2938 had
573 2890 635 2938 baeu
650 2888 711 2937 done
726 2887 788 2936 irom
801 2887 932 2949 necessity,
944 2903 996 2938 was

88 2950 150 3000 done
162 2964 220 2997 now
229 2948 291 3017 from
302 2948 404 2998 motivas
415 2948 443 2996 ol
454 2949 533 3018 pclicy
544 2963 571 2996 or
580 2946 739 3033 generalship.
855 3005 862 3028 ἱ
922 3006 928 3016 η
951 3006 957 3016 ·

88 3005 853 3136 „lltlltltltttrtllt,tltttltntlllffll
875 3003 994 3058 Μ

90 3192 96 3214 Ι
116 3124 384 3207 Ἰηιῠιιονο-Ιξῑοηηγ,
400 3131 439 3174 ‘to
449 3125 490 3186 drp
501 3126 543 3182 m,’
559 3129 598 3173 ‘to
612 3122 697 3181 souk3'
713 3121 875 3186 ligmstrrely,
889 3128 930 3174 ‘to
939 3123 993 3182 fill,’

104 3197 131 3274 ²⁴⁰
136 3194 334 3306 ᾖῗιῗβεῑίογῗιῇυαε.
364 3243 412 3292 See
423 3242 523 3302 Zumpt,
535 3241 609 3294 §768

116 3311 125 3337 ¹
137 3303 231 3367 Corpus
241 3303 385 3365 defunctam,
398 3301 434 3351 for
443 3311 544 3358 msa,
556 3299 598 3350 the
607 3299 669 3350 dead
678 3315 766 3362 queen.
799 3300 906 3352 cedam
914 3300 995 3350 would

86 3361 312 3471 be·q1¹(lbd⁸emwbiriild
329 3419 424 3470 believe
432 3417 449 3478 ς’
469 3417 522 3468 that
541 3416 571 3477 is,
593 3417 688 3470 ‘would
704 3418 767 3471 hare
784 3415 912 3470 believed'
947 3416 995 3468 See

88 3482 171 3534 Gracc
183 3481 259 3534 6345.
