2278 3846
98 235 136 287 92
205 278 208 287 .
363 247 401 286 os
426 243 533 285 ossrrs
555 242 741 284 transcat.

98 374 142 426 pro
163 355 310 408 carissimis
332 353 485 423 pignoribus
505 369 613 421 corpora
632 351 797 420 opponimus.
833 348 909 408 Quod
933 367 1010 402 mea

98 443 155 478 rum
168 425 216 477 luit
229 425 360 493 partium,¹
373 423 527 490 exercitum,
540 438 622 490 quern
634 437 720 490 paene
733 420 865 472 immensa
883 417 1012 487 planities

98 495 141 548 vir
160 493 285 562 caperet,¹
296 495 463 560 comparavi:
483 508 572 560 equos,
586 507 661 542 arma
678 489 811 542 distribui:
831 497 1006 557 commeatus,

97 581 130 617 ne
149 572 236 614 tantae
254 561 414 615 multitudini
432 560 564 628 deessent,
579 559 695 630 providi:
715 559 810 626 locum,
825 559 850 610 in
863 573 917 625 quo
935 558 1009 610 acies

97 629 227 702 explicari
249 637 348 700 posset,
373 627 454 698 elegi.
497 630 591 682 Cetera
616 630 641 681 in
663 637 751 680 vestre
774 635 906 696 potestate
930 636 1006 679 suot:

96 699 194 754 audete
218 700 296 754 modo
316 701 431 768 vincere,
455 698 618 768 famamque,
643 697 854 750 infirmissimum
878 695 1008 750 adversus

97 769 177 823 fortes
189 771 258 822 viros
271 769 362 835 telum,
375 771 544 822 contemnite.

131 845 171 892 54.
191 839 349 892 Temeritas³
361 849 408 906 est,
422 854 503 906 quam
516 836 604 890 adhuc
616 853 661 906 pro
672 836 767 888 virtute
779 834 920 888 timuistis:
938 850 1008 903 quae

96 909 142 962 ubi
155 909 269 978 primurn
283 908 411 977 impetum
425 905 526 975 effudit,
540 906 613 960 velut
625 905 757 975 quaedam
769 903 897 959 animalia
909 905 1008 956 emisso

96 977 189 1030 aculeo
212 979 317 1046 torpet.⁴
360 977 391 1028 lli
417 993 477 1028 vero
500 976 588 1044 campi
611 972 810 1044 deprehendere
831 973 1008 1094 paucitatem,

96 1064 177 1116 quarn
197 1047 305 1100 Ciliciae
325 1056 428 1098 montes
446 1044 647 1098 absconderant.
683 1043 785 1096 Videtis
802 1059 830 1094 or
850 1043 909 1095 ines
928 1059 1008 1111 raros,

96 1133 193 1168 cornua
217 1125 331 1184 extenta,
357 1114 476 1168 mediam
503 1116 589 1166 aciem
614 1129 719 1181 vanarn,
743 1111 918 1164 exhaustam:
945 1129 1009 1164 narn

97 1186 192 1255 ultimi,
217 1202 284 1306 pnes
306 1184 401 1237 locavit
424 1201 538 1251 aversos,
564 1191 637 1250 terga
661 1180 717 1250 jam
744 1180 880 1261 praebent.
917 1182 1009 1234 Obteri

96 1255 222 1308 mehercu
235 1272 250 1306 e
263 1270 390 1323 equorum
402 1253 508 1320 ungulis
520 1261 636 1321 possunt,
646 1251 752 1304 etiamst
764 1250 801 1303 nil
814 1259 917 1320 praeter
926 1251 1009 1302 falce·

96 1333 137 1376 tos
154 1341 245 1377 currus
262 1322 384 1375 emisero.
422 1323 454 1375 Et
474 1321 542 1374 bello
560 1323 708 1391 vicerimus,
724 1321 747 1374 si
761 1321 874 1376 vicimus
891 1320 1007 1388 proelio:

97 1410 160 1446 narn
180 1411 213 1446 ne
234 1392 286 1444 illis
303 1392 413 1460 quidem
432 1391 465 1442 ad
485 1391 574 1459 lugam
593 1390 668 1443 locus
685 1402 739 1442 est:
768 1390 829 1442 hinc
847 1390 1007 1459 Euphrates,

97 1462 167 1515 illinc
179 1461 264 1529 Tigris
276 1460 395 1529 prohibet
407 1460 542 1514 inclusos.⁵
577 1461 611 1514 Et
624 1473 692 1528 quae
704 1467 783 1512 antea
800 1475 846 1528 pro
860 1459 912 1510 illis
923 1469 1007 1527 erant,

96 1531 122 1584 in
146 1531 302 1582 contrarium
324 1546 400 1581 verse
423 1540 493 1582 eunt.
530 1531 656 1584 Nostrum
679 1528 777 1582 mobile
798 1539 825 1580 et
849 1528 1007 1596 expeditum

95 1617 191 1668 agmen
202 1609 249 1667 est,
260 1597 324 1650 illud
338 1596 435 1666 praeda
446 1615 536 1666 greve.
573 1597 725 1667 lmplicates
737 1615 798 1665 ergo
810 1596 900 1666 spoliis
912 1598 1008 1650 nostris

95 1669 293 1737 trucidabimus,
306 1667 456 1736 eademque
471 1685 511 1720 res
524 1676 550 1720 et
563 1684 645 1719 causa
657 1667 705 1721 erit
718 1666 841 1719 victoriae
854 1675 881 1718 et
892 1666 1006 1719 lruotua.

95 1737 194 1798 Quodsi
211 1755 292 1806 quern
308 1755 322 1788 e
336 1738 419 1790 vobis
430 1755 526 1790 nomen
546 1737 634 1805 gentis
651 1745 747 1803 movet,
761 1737 866 1804 cogitet,
880 1735 1008 1788 Macedo-

95 1825 161 1860 num
173 1807 227 1859 illic
239 1824 313 1860 arma
324 1823 392 1876 esse,
407 1824 457 1860 non
470 1823 585 1876 corpora
622 1805 739 1858 Multum
759 1807 831 1858 enim
848 1805 1007 1873 sanguinem

97 1877 211 1930 invicem
229 1877 375 1946 hausimus,
389 1884 416 1929 et
427 1893 533 1946 semper
544 1876 647 1944 gravior
658 1875 685 1926 in
697 1875 830 1954 paucitate
841 1873 944 1943 jactura
956 1883 1005 1926 est.

95 1947 166 2000 Nam
190 1946 350 2015 Alexander,
395 1956 594 2015 uantuscunque
619 1945 722 2014 ignavis
746 1953 773 1995 et
797 1944 897 1996 timidis
922 1943 1007 1996 rideri

95 2026 188 2086 potest,
202 2033 284 2070 unum
297 1963 396 2069 animril
408 2028 456 2079 est,
469 2024 496 2068 et
508 2015 530 2067 si
542 2012 604 2084 quid
623 2011 689 2066 mihi
706 2013 821 2081 creditis,
835 2014 1007 2066 temerarium

95 2094 122 2137 et
142 2103 241 2154 vecors,
261 2083 350 2138 adhoc
373 2093 459 2138 nostro
481 2099 586 2154 pavore,
605 2099 688 2152 quam
710 2099 758 2134 sua
775 2084 871 2136 virtute
893 2082 1005 2134 felicius.

50 2157 54 2168 ¹
95 2155 168 2208 Nihil
192 2166 284 2208 autem
307 2163 393 2223 petest
416 2171 475 2206 esse
496 2153 659 2219 diuturnum,
680 2152 795 2205 coinon
816 2151 908 2205 subest
933 2153 1004 2204 ratio.

95 2223 168 2276 Licet
177 2223 291 2276 felicitas
299 2223 415 2291 aspirare
424 2221 565 2291 videatur,⁶
577 2230 666 2274 tamen
678 2221 712 2273 ad
725 2220 849 2274 ultimum
863 2221 1004 2274 temeritati

95 2292 264 2345 nonsufficit.
301 2292 440 2344 Praeterea
451 2291 547 2347 breves
559 2300 586 2344 et
598 2290 740 2344 mutabiles
753 2291 825 2343 vices
837 2299 924 2342 rerum
937 2297 1004 2360 sunt,
1052 2280 1056 2296 ⁴

95 2368 122 2414 et
139 2361 244 2414 fortuna
270 2377 407 2430 nunquam
427 2360 583 2429 simpliciter
601 2359 728 2428 indulget
772 2359 889 2412 Forsitan
912 2359 950 2412 ita
968 2360 1004 2413 dii

95 2429 150 2482 lata
173 2430 228 2482 ordi
253 2438 389 2498 naverunt,
409 2438 438 2481 ut
460 2430 602 2482 Persarum
624 2429 774 2499 imperium,
796 2428 866 2499 quod
889 2429 1006 2482 secundo

95 2515 173 2552 cursu
198 2515 243 2568 per
263 2499 391 2550 ducentos
414 2498 520 2568 triginta
542 2515 626 2551 annos
650 2500 685 2552 ad
713 2499 848 2553 summum
872 2497 1006 2566 fastigium

95 2582 247 2636 evexerant,
260 2585 357 2636 magno
369 2576 442 2620 motu
455 2576 628 2621 concuterent
647 2569 740 2638 magis,
753 2585 835 2637 quam
847 2567 1007 2636 affligerem

95 2637 321 2707 admonerentque
333 2655 381 2690 nos
393 2637 543 2706 tragilitatis
557 2637 698 2706 humanae,
712 2637 789 2707 cujus
801 2637 884 2690 nimia
896 2636 923 2690 in
937 2653 1006 2707 pros·

95 2709 165 2778 peris
177 2707 257 2761 rebus
268 2707 364 2760 oblivio
377 2718 425 2760 est.
462 2707 544 2760 Modo
556 2706 667 2761 Graecis
679 2707 745 2760 ultro
757 2706 859 2759 bellum
877 2706 1007 2759 insereba-

125 2842 132 2864 ¹
147 2835 238 2884 ‘What
249 2851 300 2884 was
312 2851 353 2895 my
364 2835 494 2890 business,’
508 2851 535 2882 or
548 2840 603 2895 ‘my
613 2835 684 2884 share
695 2834 722 2883 of
729 2835 770 2882 the
781 2834 858 2895 duty:

123 2899 134 2924 ²
145 2901 151 2921 ⁶
161 2895 193 2944 So
201 2908 268 2956 great
277 2911 307 2942 an
316 2911 383 2956 army
391 2895 441 2942 that
451 2894 491 2942 the
501 2894 618 2942 immense
628 2894 692 2953 plain
699 2909 743 2942 can
750 2895 858 2954 scarcely
865 2895 961 2943 contain
970 2896 1006 2944 it.²

96 2952 152 3001 The
168 2953 293 3012 imperfect
310 2955 330 3002 is
347 2954 406 3002 used
423 2956 526 3002 because
537 2952 555 3000 it
567 2953 588 3001 is
599 2953 693 3001 viewed
704 2969 731 3003 as
742 2953 783 3002 the
795 2953 914 3002 intention
925 2954 953 3002 ol
966 2955 1008 3004 the

97 3012 1006 3133 litttltlltttlltltlztlatltttlltt'ttnt¹2:thtlttt·

460 3108 465 3119 ·
631 3106 637 3128 r
842 3090 887 3128 Ην
998 3108 1005 3130 r

97 3130 348 3258 lll⁰j„„„1„,3
402 3249 407 3259 .
576 3247 581 3258 ⁸

126 3255 134 3280 ¹
145 3247 244 3317 Gurtrus
255 3246 340 3294 makes
352 3246 439 3296 Darius
449 3247 526 3308 speek
536 3264 563 3297 as
575 3247 596 3296 rf
602 3247 643 3296 the
654 3247 712 3297 field
722 3247 750 3297 os
756 3248 832 3297 battle
844 3249 883 3309 lay
894 3251 1009 3299 between

97 3306 139 3356 the
150 3307 181 3356 T'
200 3323 232 3356 rrs
242 3304 289 3354 and
300 3305 341 3352 the
352 3305 390 3353 Eu
408 3307 503 3365 hrates;
522 3307 631 3356 whereas
642 3307 660 3356 it
672 3324 722 3357 was
734 3309 829 3368 beyond
840 3309 900 3357 both
911 3309 996 3359 rivers.

125 3365 184 3416 'Un
203 3363 339 3433 erstander‘.
374 3322 410 3411 ‘'l*

97 3425 121 3474 A
155 3427 198 3472 'rat
208 3421 346 3483 equivalent
357 3424 468 3484 testreet.

146 3481 230 3530 ‘Daeh
241 3491 266 3530 to
276 3481 318 3530 the
329 3481 438 3542 ground!

412 3365 494 3426 hough
505 3365 599 3416 fortune
609 3382 692 3421 seems
703 3376 729 3416 to
740 3368 839 3416 breathe
855 3369 920 3428 upo'u
935 3368 1005 3418 him:
1078 3405 1080 3410 .
