2278 3846
146 181 202 237 tro
408 195 447 234 nn
471 193 577 234 easrrs
599 193 785 241 anaxsunsr,

142 301 232 358 babitu
244 303 368 372 corporis.
403 303 495 371 ltaque
513 317 575 354 cum
592 301 677 370 pedes
693 300 779 354 imum
796 300 910 369 gradum
926 317 979 354 non
992 315 1052 354 con·

143 376 280 441 tingerent,
300 389 369 425 unus
387 389 422 424 ex
442 370 520 438 regiis
539 371 628 438 pueris
647 387 769 423 mensam
789 369 908 423 subdidit
927 369 1051 440 pedibus.

143 441 177 494 Et
200 457 262 493 cum
285 441 438 510 spadonem,
458 441 504 510 qui
527 439 606 492 Darei
629 437 722 508 fuerat,
748 440 968 509 ingemiscentem
991 457 1052 492 eon-

142 509 271 580 spexisset
283 526 336 579 rex,
349 526 458 563 causam
471 509 618 562 maestitiae
637 510 780 578 requisivit.
816 509 865 562 Ille
880 509 988 577 indicat,
1003 511 1052 562 Da·

142 595 218 630 reum
238 579 310 631 vesci
335 579 359 631 in
383 595 417 631 ea
436 579 550 646 solitum,
571 594 653 646 seque
674 595 775 630 sacram
796 578 856 647 ejus
875 595 997 632 mensam
1018 579 1051 632 ad

142 646 285 700 ludibrium
309 648 471 702 recidentem
494 648 551 699 siue
575 646 690 700 lacrimis
712 649 863 717 conspicere
888 665 940 700 non
964 665 1050 716 posse.

142 716 226 769 Subiit
238 733 299 785 ergo
312 734 402 786 regem
414 716 573 769 verecundia
585 715 698 768 violandi
716 715 859 786 hospitales
870 717 944 770 deos.
981 719 1051 771 Jam-

72 848 74 854 .
160 801 194 839 ue
217 787 328 839 subduci
349 786 467 856 jubebat,
492 801 554 838 curn
577 785 719 838 Philotas:¹
748 785 862 838 Minime
887 787 962 838 rero²
985 787 1052 840 haec

141 802 245 925 deceris,
259 873 312 925 rex,
326 857 372 908 sed
385 872 463 908 omen
494 871 581 923 uoque
592 856 692 924 accipe,
705 871 834 925 mensam,
847 871 882 907 ex
893 873 948 924 qua
960 856 1052 909 libavit

144 922 227 977 hostis
239 926 348 996 epulas',
362 925 415 978 tuis
426 925 486 994 pedi
508 941 539 975 us
550 941 609 976 esse
622 924 779 994 subjectam.

177 998 201 1046 9,
224 995 288 1064 Rex,
313 995 428 1048 Persidis
450 995 543 1046 finem⁴
564 993 691 1063 aditurus,
716 993 782 1046 Susa
805 993 899 1046 urbem
919 994 1053 1047 Archelao

143 1069 171 1117 et
194 1064 353 1134 praesidium
377 1064 413 1116 lll
436 1062 540 1116 milium
569 1062 689 1115 tradidit:
719 1063 866 1134 Xenophilo
891 1063 965 1116 arcis
991 1081 1054 1116 cura

142 1133 269 1186 mandata
287 1142 335 1201 eet,
354 1132 536 1186 Macedonum
553 1140 642 1184 aetate
661 1132 788 1200 gravibus
810 1132 964 1202 praesidere
985 1135 1054 1186 arcis

143 1203 279 1257 custodiae
307 1201 402 1272 jussis:
434 1202 615 1254 thesaurorum
642 1201 775 1255 Callicrati
798 1202 882 1254 tutela
905 1203 1052 1272 permissa:
1127 1258 1128 1273 2

144 1283 214 1326 satra
249 1272 391 1339 aregionis
401 1271 528 1324 Susianae
547 1271 668 1324 restituta
678 1271 813 1325 Abulites,
849 1271 970 1324 Matrem
991 1289 1054 1342 qno·

162 1358 196 1394 ue
208 1289 285 1393 iidie
298 1349 324 1392 et
337 1340 432 1392 liberos
444 1341 470 1392 in
483 1341 580 1393 eadem
592 1340 656 1395 urbe
673 1340 790 1410 deponit.
826 1343 867 1394 Ac
878 1340 946 1393 sorte
959 1341 1054 1394 Mece-

143 1359 251 1462 donicas
271 1417 358 1462 restes
381 1409 546 1479 multamque
569 1425 719 1480 purpuram,
739 1410 807 1464 dono
830 1427 865 1464 err
887 1411 1054 1464 Macedonia

144 1480 192 1532 sibi
219 1477 338 1548 missam,
363 1495 426 1531 cum
451 1477 501 1546 his,
520 1495 589 1547 quae
615 1479 788 1550 coniecerant,
811 1479 876 1532 tradi
898 1479 1053 1550 Sisygambi

142 1547 233 1618 jubet:
252 1549 324 1600 omni
337 1564 452 1616 namque
465 1546 562 1600 honore
575 1565 636 1600 eam
648 1557 675 1602 et
692 1549 738 1602 filii
756 1565 861 1618 quoque
879 1551 983 1619 pietate
996 1567 1053 1618 pro·

145 1616 320 1686 sequebatur:
344 1617 534 1685 admonerique
557 1617 641 1687 jussit,
663 1627 690 1672 ut
708 1619 730 1670 si
748 1619 819 1671 cordi
838 1635 945 1690 quoque
966 1621 1052 1672 vestis

143 1694 221 1752 esset,
241 1685 371 1739 conficere
388 1703 450 1739 eam
473 1695 567 1755 neptes
589 1703 652 1740 suas
674 1687 860 1758 assuefaceret,
880 1689 1005 1758 donoque
1023 1705 1053 1742 se

143 1754 249 1808 doceret
270 1755 353 1809 dare.⁵
387 1757 429 1809 Ad
451 1756 626 1809 hencrocem
646 1757 772 1810 lacrimae
791 1758 898 1810 obortae
910 1758 1052 1828 prodidere

142 1825 261 1877 animum
281 1825 446 1896 aspemantie
464 1825 491 1878 id
510 1841 621 1894 munus;
638 1826 737 1907 quippe
756 1843 806 1880 non
824 1827 898 1879 aliud
917 1828 1009 1896 magis
1026 1829 1052 1881 in

142 1894 332 1949 contumeliam
351 1897 488 1950 Persarum
509 1895 625 1948 feminae
644 1904 786 1966 accipiunt,
805 1913 888 1966 quam
904 1896 1052 1950 admovere
1130 1915 1131 1960 3

142 1963 219 2016 lanae
237 1981 341 2018 manus.
377 1967 505 2018 Nuntiant
521 1967 565 2034 qui
578 1964 646 2017 dona
659 1965 778 2034 tulerant,
793 1967 893 2018 tristem
906 1983 967 2018 esse
980 1967 1051 2036 Sisy·

142 2034 268 2104 gambim,
287 2034 365 2102 digna

142 2119 204 2170 ergo
215 2105 336 2174 pervenit
348 2053 382 2156 ad
395 2107 463 2173 eam',
477 2112 511 2172 et,
525 2105 619 2173 Mater,
634 2104 725 2173 inquit,
739 2105 808 2156 hanc
821 2117 932 2171 vestem,
944 2122 1000 2174 qua
1012 2107 1050 2158 in·
1130 2099 1131 2138 1

142 2170 222 2224 dutus
235 2189 301 2241 euru,
316 2189 432 2225 sororum
444 2190 494 2225 non
507 2171 606 2225 donum
618 2173 711 2242 solum,
725 2172 772 2226 sed
785 2175 865 2226 etiarn
879 2191 948 2244 opus
958 2175 1048 2228 vides:

142 2241 222 2292 nostri
241 2241 370 2310 decepere
388 2259 433 2294 me
451 2259 545 2294 mores.
582 2242 660 2312 Care,
676 2244 792 2312 obsecro,
812 2244 839 2296 in
857 2245 1050 2298 contumeliam

141 2309 286 2378 acceperis⁶
298 2310 486 2377 ignorationem
498 2324 596 2364 meam.
626 2311 701 2370 Quae
714 2313 751 2365 tui
765 2313 844 2365 moris
856 2329 916 2366 esse
929 2316 1047 2384 cognovi,

142 2385 171 2429 ut
189 2395 271 2448 spero,
291 2378 396 2431 abunde
415 2389 517 2432 servata
536 2389 604 2433 sunt.
641 2381 699 2434 Scio
717 2381 788 2452 apud
806 2398 853 2435 ros
870 2383 924 2434 filio
942 2385 969 2436 in
987 2400 1048 2437 con·

142 2455 236 2515 spectu
255 2447 345 2500 matris
363 2448 439 2502 neles
457 2466 517 2502 esse
534 2450 682 2521 considere,
697 2451 747 2504 nisi
766 2469 828 2504 cunr
847 2451 893 2504 illa
910 2455 1046 2521 permisit:

141 2516 373 2585 quotienscunque¹
384 2517 418 2570 ad
438 2527 465 2572 te
484 2521 552 2588 veni,
572 2520 656 2573 donec
675 2531 704 2574 ut
722 2521 887 2575 considerem
906 2539 1046 2592 annueres,

384 2051 418 2086 ue
437 2049 480 2086 res
498 2041 524 2086 et
543 2035 712 2087 excusatione
732 2043 759 2087 et
778 2034 868 2087 solatio
886 2037 952 2087 vise.
989 2037 1050 2104 Ipse
1130 2047 1131 2056 ³

142 2584 246 2637 restiti.l
280 2586 459 2641 Procumbens
479 2591 598 2643 venerari
623 2608 667 2644 rna
688 2607 769 2660 saepe
789 2591 910 2645 voluisti:
935 2591 1045 2646 inhibui.
1130 2633 1131 2640 κ

142 2653 316 2708 Dulcissimae
328 2659 406 2709 metri
419 2657 569 2729 Olympiadi
582 2677 677 2714 nomen
690 2661 812 2714 debitum
825 2653 872 2714 tibi
884 2660 975 2715 reddo.

171 2767 178 2792 ¹
189 2763 281 2824 Supply
294 2765 375 2813 ‘said’
408 2759 454 2814 See
467 2766 564 2824 Zumpt,
578 2767 654 2817 l772.

168 2826 179 2851 ²
191 2822 250 2872 Vero
258 2824 318 2892 used
327 2824 462 2894 toindicate
471 2841 486 2893 e
494 2825 568 2885 reply.
586 2825 632 2873 See
642 2826 740 2884 Zumpt,
751 2826 826 2894 tue,
837 2835 893 2874 note
905 2830 926 2882 l,
937 2827 1044 2876 endllfi.
1105 2831 1108 2841 '

170 2881 244 2930 'The
255 2883 340 2943 simple
352 2899 464 2944 meaning
475 2900 504 2940 rs,
520 2890 559 2932 ‘to
569 2883 625 2931 take
637 2884 690 2932 lood
699 2886 715 2932 ι’
728 2885 776 2934 thre
787 2899 843 2943 may
854 2887 884 2932 be
895 2887 958 2935 done
969 2885 1046 2935 either

141 2941 487 3050 tpiqngpiqlqptpffppienpapqreqhe
498 2943 566 3004 gode,
579 2957 605 2990 or
616 2942 651 2990 lor
661 2944 730 2992 one's
741 2959 795 2992 own
806 2945 954 3004 enjoyment.
981 2947 1045 2996 Hero

140 3013 178 3162 ¹1⁴
188 3056 217 3161 lq
228 3057 268 3104 the
279 3017 438 3118 sigynifioation
448 3038 476 3110 ol
483 3061 524 3109 the
534 3059 657 3120 boundary
665 3059 693 3108 os
699 3075 714 3108 a
724 3073 825 3122 country
835 3076 862 3109 or
871 3061 993 3120 province,
1003 3063 1044 3111 the

141 3120 578 3280 9,qu,pecqqrpupqosrqyfrtqqplperpllyffl
588 3176 618 3226 he
630 3177 679 3232 (the
691 3178 758 3238 king)
767 3178 837 3228 mede
845 3179 912 3228 them
923 3196 939 3228 a
948 3189 1043 3240 present

140 3247 155 3280 ο
167 3242 282 3340 ’Πραυιίε
293 3290 388 3398 usuallq
398 3293 510 3342 followed
521 3295 553 3357 by
564 3295 605 3344 the
616 3306 712 3355 present
723 3296 884 3406 sulqiunctive.
909 3296 965 3346 The
975 3306 1044 3346 exact

139 3349 322 3456 ssssffiflffiiss
329 3349 370 3397 wit
398 3351 439 3400 the
454 3354 544 3411 perfect
560 3369 640 3404 seems
656 3367 681 3404 ro
691 3357 730 3413 be,
746 3361 753 3383 ⁴
784 3355 845 3415 hope
862 3371 910 3416 you
926 3356 1043 3406 bevenot

252 3445 258 3466 ‚
325 3444 329 3454 .

168 3468 177 3493 ⁸
190 3465 216 3512 ‘1
227 3467 288 3516 here
298 3467 420 3516 remuned
430 3468 558 3530 standing)
