2294 3842
489 237 582 281 areas
598 238 644 280 rx.
956 225 1019 284 27³

99 349 204 420 quaeri,
218 363 300 418 quam
311 348 412 402 multos
424 349 491 401 servi
504 340 618 419 ipsorum
632 349 764 420 persecuti
776 349 836 420 sint,
846 338 909 424 quid
922 347 1019 420 cuique¹

101 421 220 488 supersit
233 433 266 470 ea
280 418 388 487 praeda.
418 419 542 472 Omnium
555 420 668 472 victores
679 420 798 472 omnium
811 419 903 490 inopes
915 435 1017 474 snmus.

100 490 163 542 Nec
174 488 281 540 luxuria
294 487 452 557 laboremne,
466 488 513 540 sed
533 488 601 541 bello
617 489 792 543 instrumenta
805 490 867 542 belli
879 505 1019 560 consump-

101 558 200 610 simus.
237 558 317 609 Hunc
340 567 368 609 tu
392 558 599 626 pulcherrimum
622 559 767 611 exercitum
789 559 888 611 nudum
910 557 1021 628 objicies
1067 613 1070 624 ,

101 626 212 682 beluisi
224 641 337 696 qnamm
349 635 375 680 nt
385 626 581 680 multitudinem
593 640 707 707 augeant
719 628 753 680 de
767 627 894 680 industria
906 626 1018 698 barbari,

101 713 235 765 magnum
255 709 345 748 tamen
363 713 423 748 ease
442 713 582 749 numerum
600 707 683 749 ettam
695 713 729 749 ex
740 697 880 750 mendacio
893 697 1018 766 intelligo.

101 766 206 825 Quodsi
219 765 310 817 adhuc
322 774 461 834 penetrare
473 766 501 818 in
514 765 617 818 indiam
627 778 729 819 certum
739 776 786 836 est,
801 766 871 835 regio
880 783 896 817 a
905 765 1020 820 Meridie

103 839 198 889 minus
209 845 286 886 vasta
298 845 346 902 est,
360 851 413 904 qua
425 834 537 887 subacta
549 835 639 888 licebit
652 835 792 888 decurrere
811 837 836 888 in
856 835 919 887 illud
937 852 1019 906 mare,

102 906 176 974 quod
197 903 278 956 rebus
296 903 421 956 humanis
439 905 580 959 terminum
592 903 676 956 voluit
694 921 754 958 esse
771 914 873 957 natura.
909 905 960 956 Cur
972 906 1020 958 cir·

103 977 180 1028 cuitu
195 973 265 1042 petis
276 973 394 1043 gloriam,
408 987 476 1042 quae
494 973 526 1025 ad
546 991 656 1026 manum
675 975 759 1043 posita
778 975 837 1027 est'l
857 973 900 1026 hic
916 989 1021 1044 quoque

102 1044 221 1096 occurrit
239 1043 371 1096 Oceanus.
407 1041 466 1094 Nisi
486 1043 572 1096 mavis
591 1059 685 1111 errare,
705 1046 883 1113 pervenimus,
903 1059 954 1111 quo
975 1053 1021 1099 tue

103 1112 212 1166 fortuna
220 1112 313 1164 ducit.¹
339 1112 413 1164 Haeo
422 1120 519 1181 tecum,
529 1125 609 1182 quarn
618 1113 675 1164 sine
686 1121 711 1164 te
721 1129 782 1165 cum
791 1113 840 1182 his,
851 1113 920 1181 loqui
931 1111 1021 1182 malui,

103 1197 156 1236 non
171 1181 211 1233 uti
224 1180 318 1234 inirem
331 1182 527 1234 circumstantis
543 1182 675 1234 exercitus
692 1184 813 1251 gratiam,
827 1182 872 1235 sed
887 1192 914 1234 ut
926 1197 1021 1236 vocem

104 1251 275 1321 loquentium
289 1251 382 1319 potius,
396 1265 476 1320 quam
490 1251 619 1318 gemitum
631 1253 852 1304 murmurantium
865 1251 980 1303 audires.

143 1326 184 1373 13.
203 1321 241 1372 Ut
264 1320 347 1372 finem
370 1319 479 1371 orationi
502 1319 607 1372 Coentm
630 1321 762 1391 imposuit,
781 1322 881 1374 elamor
904 1320 1021 1390 undique

102 1407 168 1444 cum
189 1390 292 1459 ploratu
311 1389 398 1457 oritur,
412 1405 503 1456 regem
518 1398 629 1460 patrem,
642 1390 789 1460 dominum,
803 1391 919 1444 confusis
930 1389 1022 1460 appel·

103 1461 174 1514 tium
189 1459 309 1512 vocibus.
345 1459 460 1527 Jamque
476 1467 503 1510 et
521 1458 567 1511 alii
585 1459 675 1524 duces,
689 1461 885 1530 praecipueque
897 1461 1020 1529 seniores,

103 1531 167 1600 quis
191 1528 227 1580 ob
250 1535 367 1580 aetatem
391 1536 419 1580 et
441 1528 578 1580 excusatio
598 1527 731 1582 honestior
750 1539 813 1598 erat,
836 1539 861 1582 et
881 1529 1024 1582 auctoritas

104 1599 200 1668 major,
215 1597 311 1649 cadem
324 1596 509 1667 precabantur.
545 1597 593 1650 Ille
607 1615 657 1650 nec
669 1599 799 1667 castigare
811 1599 963 1668 obstinatos,
972 1615 1021 1650 nec

103 1670 232 1736 mitigare
251 1674 353 1736 poterat
369 1666 456 1718 iratos.
492 1665 585 1736 Itaque
597 1667 639 1718 ino
683 1668 783 1722 consilii
797 1668 902 1721 desiluit
915 1685 930 1720 e
944 1668 1021 1720 tribu·

103 1739 168 1804 nali,
183 1736 273 1788 claudi
293 1753 326 1788 ue
346 1735 448 1807 regiam
464 1735 549 1805 jussit,
562 1736 633 1788 omni
656 1753 687 1789 us
701 1746 805 1816 praeter
816 1747 937 1790 assuetos
948 1737 1022 1789 adire

103 1805 257 1878 prohibitis.
307 1805 399 1858 iduum
412 1805 466 1856 irae
477 1803 570 1857 datum
583 1814 638 1857 est:
651 1813 728 1857 tertio
740 1805 785 1857 die
797 1808 930 1876 processit,
944 1806 1023 1874 erigi·

103 1893 161 1948 que
182 1875 233 1928 Xll
253 1891 313 1927 aras
333 1891 367 1928 ex
390 1874 518 1944 quadrato
542 1891 604 1927 saxo
625 1886 826 1927 monumentum
849 1874 1023 1944 expeditionis

104 1963 182 2012 suae,
196 1945 365 1998 munimenta
376 1959 483 2014 quoque
495 1954 639 1996 castrorum
650 1943 729 2013 jussit
741 1943 856 2014 extendi,
869 1945 1020 2012 cubiliaque

105 2014 247 2084 amplioris
270 2013 379 2083 fortnas,
400 2029 482 2083 quam
505 2027 551 2082 pro
571 2028 709 2082 corporum
733 2012 834 2079 habitu,
854 2013 972 2082 relinqui,
993 2022 1021 2065 ut

104 2085 233 2156 speciem
252 2083 370 2135 omnium
390 2090 507 2150 augeret,
526 2081 672 2152 posteritati
687 2081 770 2134 fallax
791 2081 946 2134 miraculum
965 2097 1022 2150 pre·

105 2169 215 2225 parans.
251 2151 321 2204 Hinc
338 2161 461 2222 repetens
478 2167 547 2220 quae
565 2165 692 2204 emensus
709 2159 764 2203 erat
789 2150 823 2202 ad
842 2151 942 2203 flumen
954 2151 1022 2202 Ace-

105 2225 197 2277 aiuem
218 2221 287 2274 locat
307 2230 403 2274 castra.
438 2219 479 2273 Ibi
500 2220 566 2271 forte
586 2217 691 2273 Coenus
710 2189 801 2273 morho
821 2221 955 2273 extinctus
972 2227 1022 2272 est.

105 2292 194 2362 Cujus
218 2299 302 2343 morte
325 2291 455 2360 ingemuit
473 2287 583 2368 quidem
603 2305 657 2358 rex,
678 2289 778 2360 adjecit
798 2297 896 2359 tamen,
918 2298 1022 2359 propter

126 2377 212 2414 aucus
228 2359 287 2412 dies
303 2359 410 2428 longam
428 2367 572 2411 orationem
591 2373 654 2411 eum
667 2375 798 2427 exorsum,
813 2369 937 2428 tanquam
951 2358 1024 2411 solus

106 2379 301 2485 Riaeedoniam
315 2429 419 2482 visurus
430 2437 508 2480 esset.
545 2427 605 2482 Jam
622 2429 648 2480 in
661 2445 731 2498 aqua
743 2428 844 2498 classis,
877 2443 939 2482 uam
951 2427 1023 2480 aedi-

107 2501 197 2555 ficari²
213 2499 337 2568 jusserat,
356 2498 450 2551 stabat.
487 2497 558 2550 Inter
577 2497 645 2550 haec
663 2499 791 2552 Memnon
811 2515 846 2552 ex
889 2499 977 2551 hracia
995 2497 1022 2552 itt

107 2563 472 2650 supplementum‘equitum
497 2567 521 2619 V
544 2567 626 2638 milia,
651 2577 754 2638 praeter
779 2584 826 2619 eoa
849 2568 884 2620 ab
909 2566 1023 2636 Harpalo

107 2639 234 2710 peditum
252 2646 357 2707 septem
375 2637 449 2691 milia
466 2635 620 2704 adduxerat,
639 2653 766 2758 armaqpe
784 2636 855 2689 XXV
870 2637 942 2688 milia
959 2650 1023 2687 auro

108 2719 138 2762 et
156 2715 266 2776 argento
284 2706 387 2759 caelata
404 2705 554 2776 pertulerat,
571 2707 632 2775 quis
648 2706 721 2758 distri
742 2705 795 2758 utis
807 2713 899 2756 vetera
910 2705 1022 2756 cremari

107 2778 198 2848 jussit.
234 2776 312 2829 Mille
335 2776 447 2844 navigiis
468 2775 588 2829 aditurus
609 2776 754 2837 Ooeannm,
773 2773 960 2840 discordesque
983 2773 1023 2825 et³

107 2855 204 2900 vetera
227 2845 288 2898 odia
310 2853 484 2898 retractantes
510 2845 605 2898 Porum
628 2853 655 2897 et
678 2841 798 2912 Taxilen,
823 2840 914 2894 indiae
937 2859 1021 2911 reges,

689 2927 871 2934 ——-—-—--·-——
876 2927 1007 2936 ··-——-·—‹.-..-

139 2967 148 2990 ¹
161 2960 269 3009 ‘Unless
277 2976 329 3067 pou
345 2960 428 3008 intend
444 2970 469 3008 to
485 2974 625 3008 commenoe
636 2959 728 3008 further
738 2955 899 3017 wanderings,
912 2972 949 3004 we
960 2956 1023 3006 have

107 3020 286 3128 'lireidngmss
294 3019 325 3066 ed
335 3019 376 3068 the
388 3020 454 3078 point
466 3029 490 3066 to
502 3018 581 3066 which
596 3033 657 3078 your
667 3015 761 3066 fortune
773 3016 840 3066 lesda
849 3017 902 3074 πᾶς’
915 3015 1021 3076 namely,

108 3089 152 3128 te
212 3095 251 3126 ran
288 3091 355 3126 osan.

138 3138 282 3196 ’Compare
293 3138 326 3185 ix.
339 3141 360 3185 l.
392 3135 440 3185 But
459 3136 483 3184 in
501 3135 554 3184 that
571 3151 601 3196 po
659 3151 672 3183 e
688 3134 730 3184 the
745 3136 831 3184 author
846 3134 922 3196 spolie
938 3133 966 3183 ol
980 3133 1023 3184 the

108 3196 252 3257 Hydaspes,
266 3195 313 3244 and
329 3195 347 3243 it
359 3211 409 3244 was
425 3211 456 3243 on
472 3193 513 3242 the
529 3195 607 3243 banks
623 3210 638 3241 o
663 3195 716 3242 that
732 3195 795 3244 river
805 3204 845 3244 too
857 3195 908 3243 that
920 3195 961 3242 the
973 3204 1024 3243 two

107 3254 309 3305 citieshadlatel
337 3257 399 3302 been
409 3253 521 3302 founded.
553 3253 702 3309 Alexander,
716 3254 844 3309 therefore.
857 3253 956 3314 probabi
984 3264 1022 3302 re-

108 3313 198 3366 turned
208 3324 234 3362 to
243 3313 292 3373 the,
318 3313 431 3374 ydaepes,
441 3312 487 3381 and
495 3311 629 3380 emberked
637 3329 668 3360 cn
677 3313 728 3360 that
737 3314 807 3362 river.
826 3313 942 3372 Perhaps,
954 3268 1022 3362 iore·

107 3389 177 3429 aver‚
190 3373 291 3421 another
300 3371 356 3420 licet
366 3387 417 3420 was
426 3371 499 3432 being
507 3371 568 3420 built
578 3382 602 3420 at
611 3371 652 3420 the
661 3388 728 3422 saure
737 3373 795 3422 time
804 3389 836 3422 ou
845 3373 885 3422 the
893 3370 1022 3424 Acesines.

138 3438 148 3463 ²
162 3433 267 3494 Qec-at
279 3442 393 3480 connects
404 3431 441 3480 sin
459 3429 481 3478 le
493 3429 587 3490 words3
600 3447 682 3490 never,
694 3431 817 3490 however,
830 3433 855 3482 iu
866 3431 962 3492 (liceto,
975 3431 1023 3484 and

108 3489 401 3551 botrarelyiucurtius.
451 3505 479 3539 ee
491 3489 589 3551 Zumpt,
602 3490 676 3544 uste.
823 3493 825 3498 “

218 3555 250 3604 18
