2278 3846
490 221 583 263 mesu
603 223 631 264 v.
962 209 1018 280 m

95 329 207 400 Itaque,
228 329 386 399 Pessimum,
405 329 498 400 inquit,
513 331 689 403 mancipium,
702 331 843 404 repperisti
860 339 1017 404 exoptatum

96 399 154 454 tibi
173 408 293 469 tempus,
310 416 362 470 quo
382 400 563 468 parricidium¹
582 401 716 472 aperires!
742 401 888 473 strictoqus'
906 402 1017 458 acinace

96 469 296 526 interfecturus
304 487 366 523 eum
376 469 537 540 videbatur,¹
547 472 574 524 ni
588 488 699 542 propere
711 471 808 528 Bessus
820 471 1016 544 Bactrianique,

96 540 307 612 deprecantium
326 539 424 609 specie,
442 547 570 610 ceterum,
584 543 606 594 si
624 546 814 613 perseveraret,
827 542 951 613 vincturi,
968 543 1016 598 cir·

95 609 314 664 cumstetissent.
349 609 523 664 Nabarzanes
541 611 648 665 interim
666 610 781 682 elapsus,
793 629 856 666 mox
874 620 906 666 et
919 613 1018 668 Bessus

96 687 271 748 consecutus,
284 679 382 748 copias,
396 679 494 748 quibus
506 690 653 750 praeerant,
666 698 683 734 a
695 689 784 736 cetero
803 682 923 736 exercitu
940 699 1014 736 sece-

94 748 166 802 dere
179 749 280 820 jubent,
294 757 426 802 secretum
440 750 532 804 inituri.
543 751 693 804 consilium.
729 751 879 808 Artabazus
891 753 1015 806 conveni·

94 829 196 872 entem
207 819 339 888 praesenti
352 818 473 874 fortunae
486 821 646 874 sententiam
657 838 740 888 orsus,
753 820 876 889 mitigare
890 823 1014 891 Dareum,

95 897 254 958 temporum
273 889 419 942 identidem
438 889 593 958 admonens,
607 891 709 960 coepit:
729 889 809 944 ferret
827 908 913 960 aequo
924 892 1015 946 animo

94 959 330 1028 qualiumcunque
358 975 463 1014 suorum
483 961 593 1028 tamen,8
604 961 648 1014 vel
666 959 816 1030 stultitiam,
829 961 873 1014 vel
890 977 1014 1015 errorem.

94 1029 204 1088 Instare
217 999 398 1082 Alexandrum
409 1045 529 1097 gravem,
542 1031 647 1084 etiarnsi
666 1047 761 1085 omnes
777 1041 882 1100 praesto
900 1041 989 1084 esseut
998 1033 1016 1084 :⁴

94 1099 165 1168 quid
178 1099 342 1166 luturum,si
359 1100 492 1168 persecuti
509 1099 603 1169 sugam
620 1099 705 1170 ipsius
721 1099 891 1154 alienentur!
926 1103 1015 1169 Aegre

135 1169 340 1238 ruit-Artabazo,
354 1177 380 1222 et
398 1185 564 1240 quamquam
582 1187 689 1224 movere
707 1179 794 1224 castra
812 1177 947 1240 statuerat,
962 1180 1015 1226 tur·

135 1239 172 1292 tis
191 1247 282 1294 ternen
299 1239 419 1294 omnium
439 1238 545 1307 animis,
562 1239 658 1294 eodem
679 1241 705 1294 in
724 1240 782 1293 loco
800 1239 925 1296 substitit.
962 1240 1013 1294 Sed

94 1309 239 1362 attonitus⁵
261 1309 396 1362 maestitia
424 1308 505 1362 simul
529 1319 556 1362 et
579 1309 766 1380 desperatione
789 1308 961 1366 tabernaculo
985 1327 1014 1364 ss

95 1378 217 1432 inclusit.
254 1379 324 1447 Ergo
342 1379 369 1430 in
387 1380 488 1448 castris,
507 1395 576 1448 quae
598 1379 698 1436 nullius
715 1379 875 1449 regebantur
893 1379 1013 1450 imperio,

96 1449 170 1502 varii
195 1448 345 1504 animorum
369 1458 457 1502 motus
477 1458 560 1518 eraut,
579 1467 629 1502 nec
649 1451 676 1504 in
695 1467 854 1520 commune,
872 1459 902 1504 ut
924 1459 1012 1520 antea,

93 1517 299 1572 consulebatur.
335 1519 396 1574 Dux
407 1519 574 1574 Graecorum·
586 1519 705 1574 militum
722 1521 819 1574 Patron
831 1537 905 1575 arma
916 1536 1013 1590 capere
1073 1528 1093 1548 '¹

93 1606 161 1644 snos
191 1588 276 1658 jubet,
300 1597 459 1658 paratosque
488 1606 548 1642 esse
576 1589 611 1644 nd
641 1589 831 1669 exequendum
860 1591 1012 1660 imperium.

95 1659 200 1715 Persae
220 1668 401 1713 secesserunt:
422 1657 520 1712 Bessus
536 1676 598 1713 cum
617 1659 764 1716 Bactrianis
776 1668 839 1728 erat,
853 1659 1013 1729 temptabat·

93 1746 150 1798 que
170 1729 267 1782 Persas
284 1727 424 1798 abducere,
446 1729 540 1781 Bactra
558 1739 585 1783 et
603 1730 717 1784 intactae
736 1729 850 1798 regionis
868 1729 1014 1799 opulenta,⁸

87 1799 236 1869 „situmque
259 1815 328 1868 quae
358 1800 529 1853 manentibus
557 1799 686 1852 instarent
713 1798 842 1868 pericula,
866 1807 1012 1854 ostentans.

56 1909 60 1914 -
93 1869 242 1925 Persarum
264 1869 385 1922 omniurn
407 1868 504 1922 eadem
525 1869 583 1924 lore
604 1867 653 1922 luit
673 1885 731 1937 vor,
751 1867 828 1921 nefas
846 1885 906 1924 sese
923 1868 1013 1924 deseri

94 1956 200 2008 regem.
238 1939 309 1992 Inter
322 1939 389 1992 baec
402 1939 550 1994 Artabazus
561 1938 685 1992 omnibus
697 1938 874 2007 imperatoriis
885 1937 1012 2006 fungeba-

93 2019 139 2064 tur
157 2009 270 2062 officiis:
297 2009 353 2061 ille⁷
373 2009 514 2062 Persarum
539 2007 710 2061 tabernacula
733 2007 881 2077 circumire,
906 2006 1011 2078 hortari,

93 2083 208 2134 monere
232 2095 303 2130 nunc
326 2077 451 2150 singulos,
477 2095 548 2131 nunc
570 2079 715 2148 universos,
740 2093 793 2130 non
812 2085 881 2136 ante
901 2077 1011 2147 destitit,

92 2167 179 2220 quarn
193 2149 257 2201 satis
269 2156 400 2202 constaret
412 2150 543 2219 imperata
555 2149 678 2200 facturos.
716 2146 792 2200 Idem
804 2163 884 2216 aegre
896 2163 913 2198 a
925 2146 1012 2202 Dareo

91 2219 257 2288 impetravit,
273 2227 300 2271 ut
313 2219 401 2272 cibum
415 2227 531 2289 caperet,
544 2219 719 2288 animumque
732 2217 812 2272 rebus
824 2216 985 2270 adverteret.

128 2294 175 2342 28.
187 2293 230 2345 At
242 2287 342 2343 Bessus
353 2298 380 2343 et
392 2289 573 2358 Nabarzanes,
586 2287 648 2342 olim
661 2288 791 2356 agitatum
808 2286 897 2340 scelus
914 2287 1011 2358 exequi

89 2367 225 2424 statuunt,
247 2357 322 2427 regni
342 2359 490 2428 cupiditate
512 2361 634 2412 accensi:
662 2359 748 2412 Dareo
768 2367 860 2413 autern
883 2357 1011 2412 incolumi

92 2438 186 2482 tantas
202 2445 268 2498 opes
287 2445 392 2498 sperare
411 2445 462 2482 non
483 2437 611 2500 poterant.
647 2427 753 2500 Quippe
771 2427 799 2481 in
818 2427 871 2482 illis
888 2428 1013 2499 gentibus

92 2515 192 2566 regum
209 2499 309 2551 eximia
326 2498 455 2568 majestas
472 2511 529 2552 est:
548 2498 582 2551 ad
595 2515 692 2552 nornen
705 2499 821 2568 quoque⁸
833 2497 938 2552 barbari
949 2513 1011 2552 con·

124 2663 133 2690 ⁸
143 2661 153 2726 j
162 2655 301 2725 Trsason.’-
317 2655 450 2744 'l'lrelring1
460 2657 591 2741 nccqrding
598 2668 625 2708 to
635 2657 731 2710 Roman
740 2675 825 2720 usege,
835 2660 895 2712 cells
903 2675 918 2709 a
926 2661 1011 2723 dssign

90 2716 443 2826 ugf‘ntibhvioiiirbivgeiiigd
452 2717 683 2838 liiiirnituiiipeeredl
710 2778 757 2826 See
767 2779 848 2846 Genus
857 2777 871 2830 i
879 2780 932 2834 246,
945 2787 1010 2828 note.

123 2836 217 2884 ’‘The
231 2835 291 2895 folly
301 2851 329 2884 or
339 2851 404 2885 error
413 2837 442 2885 oi
454 2853 518 2893 men,
532 2838 596 2894 who,
610 2838 735 2886 whatever
746 2837 810 2886 their
819 2834 931 2894 conduct,
944 2853 1010 2887 were

90 2895 263 2945 nevertheless
275 2894 325 2944 still
336 2895 375 2945 his
384 2898 510 2958 subjecte!

100 2983 103 2988 ·
123 2955 316 3010 ‘Penestarum
332 2955 359 3004 ‘l
370 2958 537 3017 cmpresentss
550 2955 678 3010 therefore,
693 2953 782 3013 ‘ready
792 2963 817 3001 to
827 2952 902 3014 help.’
935 2955 1008 3006 Com·

90 3014 355 3132 Wlfffflnffinft
368 3090 395 3122 or
408 3077 495 3123 ‘borne
506 3073 624 3130 down’e
659 3071 749 3120 ivuleut
765 3081 790 3120 to
803 3075 940 3134 perculsum
957 3075 1010 3126 said

90 3133 207 3252 proffily
218 3133 246 3181 ol
253 3133 324 3181 those
336 3134 399 3190 who,
413 3134 486 3194 being
497 3133 582 3181 struck
594 3135 626 3192 by
646 3131 765 3202 ightning,
779 3147 819 3180 ure
829 3133 963 3194 paralysetl.

120 3200 130 3225 ⁸
184 3191 292 3242 uivelsnt
303 3203 330 3241 to
339 3196 450 3242 intortam
461 3203 483 3240 et
498 3195 632 3255 opulentam
643 3208 767 3253 repensuru-
780 3196 960 3256 orepulertts'usu
969 3196 1008 3243 e'rt-

87 3263 170 3302 sectae
186 3254 299 3322 regionis.
331 3252 386 3301 The
403 3260 488 3299 neuter
502 3251 579 3311 plural
594 3252 684 3312 isvery
695 3252 833 3314 commonly
844 3253 905 3302 used
920 3253 945 3300 in
960 3253 1009 3302 tltls

41 3331 51 3346 '
90 3311 691 3440 ”ullliissi'bliliiieilfzbipltlsslffsvre.
800 3431 835 3442 Η
889 3429 894 3440 ,

90 3431 396 3555 hplgntppllplsmppirpippme
407 3429 531 3514 albing?
544 3430 597 3480 that
608 3446 638 3489 ts,
651 3447 679 3481 us
689 3446 750 3484 soon
760 3447 788 3482 ss
798 3441 817 3481 rt
828 3447 849 3480 rs
859 3429 921 3490 saud,
936 3430 1008 3482 ‘ute
