2274 3844
421 241 513 282 ursan
532 243 584 282 rrr.
900 227 958 286 tro

37 353 150 422 longius
162 355 269 421 ueteris,
282 352 432 406 admouisse
444 353 538 404 semeti
618 351 695 404 lateri
711 369 767 420 surr,
780 352 853 405 nulla
863 352 957 422 proh·

38 421 87 479 bili
100 439 207 476 causa:
226 440 308 492 seque
321 424 469 487 mirantem,
481 438 517 490 qu
564 437 615 474 non
628 422 687 473 viee
698 439 747 473 sna
758 421 804 474 tali
816 421 957 491 iungeren-

39 500 83 546 tur
95 493 201 560 officio,
216 502 242 544 et
256 494 312 561 ipsa
323 491 495 562 trepidatione
507 507 598 543 eorum
617 492 790 559 perterritum,
803 501 910 545 strenue
920 493 956 546 ad

39 562 203 632 arm'oeros,
225 563 270 631 qui
294 561 411 632 proxime
433 561 620 628 sequebantur,
640 561 790 612 reoessime
826 563 868 614 Ad
889 563 957 616 lnee

39 646 108 684 aeoe
131 649 187 696 ere,
209 631 279 701 quod
299 649 361 684 oum
381 631 552 698 Antiphanes,
572 629 658 682 scriba
675 631 803 698 equitum,
823 635 957 700 Amyntae

41 699 243 770 denuntiasset,
253 701 337 770 pridie
348 717 427 770 quam
438 698 557 752 Philotae
569 699 657 750 scelus
667 699 864 768 deprehensum
876 713 955 770 esset,

41 779 71 824 ut
83 787 123 823 ex
135 772 194 822 suis
206 771 282 839 equis
292 787 365 823 more
377 769 452 821 solito
465 768 540 820 daret
552 767 593 820 his
607 770 653 836 qni
669 768 830 838 amisissent,
843 772 957 839 superbe

41 840 226 910 reapondisse,
240 841 289 892 nisi
306 841 411 908 incepto
426 838 573 905 desisteret,
587 838 661 890 brevi
677 841 803 892 soitnrurn
822 843 882 907 quis
899 841 957 909 ipse

42 919 126 962 esset.
165 911 228 964 Jam
248 910 354 976 linguae
371 907 525 960 violentiam
544 909 776 976 temeritatemque
796 909 956 979 rerbomm,¹

43 995 115 1048 qnae
142 979 169 1031 in
195 982 369 1047 semetipsum
390 977 574 1047 jacularentur,
598 976 663 1028 nihil
687 977 760 1029 aliud
783 994 852 1046 ease,
875 995 957 1048 quam

43 1048 155 1100 scelesti
169 1048 253 1100 animi
264 1048 378 1100 indioem
391 1064 423 1098 an
435 1055 540 1098 testem.
575 1046 651 1104 Quae
662 1047 685 1098 si
698 1062 761 1098 vera
772 1057 869 1114 esseut,
883 1049 957 1103 idem

44 1117 181 1170 meruisse
201 1133 254 1184 eos,
271 1116 340 1186 quod
359 1116 497 1183 Philotam,
513 1117 536 1167 si
554 1115 629 1183 lalsa,
642 1117 749 1184 exigere
767 1117 863 1185 ipsum,
877 1129 905 1170 nt
918 1135 956 1171 re·

45 1187 150 1240 sellant.
187 1187 334 1238 Productus
351 1185 447 1238 deinde
465 1184 637 1254 Antiphanes,
650 1185 685 1236 de
696 1186 774 1255 equis
787 1203 838 1239 non
856 1188 957 1241 traditis

45 1265 72 1309 et
83 1255 203 1325 adjectis
215 1257 295 1308 etiarn
308 1255 419 1324 superbe
432 1256 511 1307 mitris
523 1255 631 1307 indioat.

79 1330 104 1377 3.
124 1327 198 1378 Tum
217 1328 354 1394 Amyntas,
373 1325 444 1376 lacta
461 1324 567 1376 dioendi
584 1333 723 1394 potestate,
735 1325 763 1377 Si
775 1325 848 1393 nihil,
862 1326 955 1398 inquit,

46 1396 158 1448 interest
177 1396 255 1462 regie,
268 1405 337 1464 peto,
350 1404 385 1463 ut,
398 1394 463 1446 dum
475 1393 541 1462 dieo,
553 1394 667 1446 vinculis
682 1394 786 1447 liberer.
821 1397 878 1450 Rex
890 1398 957 1454 solvi

46 1474 191 1533 utrumque
202 1465 293 1534 jubet:
306 1463 516 1532 desiderantique
529 1467 670 1532 Amyntae,
682 1473 711 1516 ut
723 1463 840 1518 habitus*
850 1483 956 1536 quoque

48 1534 205 1586 redderetur
227 1534 357 1602 armigeri,
378 1532 497 1586 lanceam
521 1533 578 1584 dari
599 1533 686 1602 jussit.
721 1533 808 1591 Quam
829 1545 858 1588 ut
879 1537 956 1591 laeva

47 1602 258 1673 comprehendit,
271 1604 367 1656 evitato
378 1620 411 1656 eo
422 1603 488 1671 luoo,
501 1602 526 1655 iu
541 1619 593 1670 quo
604 1603 747 1656 Alexandri
764 1621 860 1674 eorpus
876 1608 956 1676 paulo

48 1681 107 1726 ante
128 1673 257 1742 jacuerat,
276 1671 762 1741 Qualiseunque,inquit,e1itusnos
781 1687 881 1744 manet,
900 1694 954 1746 rex,

48 1743 214 1812 eonfitemur,
228 1758 381 1811 prosperum
393 1742 439 1794 tibi
452 1741 606 1810 debiturus,⁸
618 1744 758 1795 tristiorem
774 1743 894 1798 fortunae
906 1747 956 1800 im-

66 1821 193 1864 ntaturoe.
230 1811 291 1864 Sine
303 1811 472 1880 praejudicio⁴
483 1811 599 1863 dicimus
611 1829 729 1880 oausam,
743 1813 832 1866 liberis
842 1820 955 1884 corpori-

49 1829 96 1935 Kus
113 1881 275 1950 animisque.
311 1881 435 1934 Habitum
453 1882 543 1949 etiam,
557 1881 646 1950 inquo
658 1884 814 1934 teoonritari
829 1885 954 1958 solemus,

49 1951 196 2004 reddidisti.
233 1951 345 2003 Causam
365 1967 415 2002 non
433 1967 580 2018 possumus,
595 1951 724 2004 fortunam
741 1954 835 2005 timere
851 1957 954 2008 desine·

49 2037 114 2074 mus.
153 2021 188 2074 Et
207 2037 313 2089 quaeso,
327 2021 463 2088 permittas
475 2019 540 2072 mihi
553 2019 579 2072 id
591 2023 706 2090 primurn
718 2021 871 2092 defendere,
884 2027 955 2094 quod

49 2107 65 2142 a
83 2100 109 2143 te
130 2090 258 2144 ultimum
278 2089 412 2157 objectum
432 2097 481 2140 eet.
516 2091 580 2156 Nos,
602 2107 655 2160 rex,
676 2093 805 2144 sermonis
827 2095 957 2154 adversus

49 2159 219 2230 majestatem
232 2168 305 2210 tuam
318 2157 399 2211 habiti
411 2159 510 2211 nullius
521 2159 618 2212 conscii
637 2177 731 2213 sumus
747 2162 843 2215 nobis!
877 2165 955 2219 Dies-

51 2245 102 2282 rern
119 2229 283 2298 jampridem
294 2228 391 2282 vicisse
407 2237 433 2280 te
446 2229 593 2297 invidiam,‘
605 2230 654 2281 nisi
667 2231 815 2299 perieulum
827 2246 906 2304 esset,
919 2253 955 2290 ue

51 2299 98 2351 alia
110 2299 263 2367 malignius⁷
274 2297 343 2349 diota
355 2297 478 2350 crederes
488 2298 587 2350 blanda
597 2301 713 2352 oratione
730 2304 842 2371 purgari.
878 2307 955 2359 Cete-

52 2385 103 2421 nrm
116 2369 225 2420 etiarnsi
237 2367 328 2420 militis
345 2368 382 2420 tui
396 2367 438 2419 rel
458 2369 485 2420 in
504 2371 612 2436 agmine
631 2371 781 2424 deficientis
798 2384 825 2426 et
843 2375 953 2448 fatigati,

51 2437 90 2490 rel
109 2439 134 2490 in
152 2439 213 2490 acie
231 2436 409 2505 periclitantis,
423 2437 464 2489 rel
485 2439 512 2490 in
531 2440 701 2492 tabernaculo
717 2444 789 2510 aegri
805 2453 831 2496 et
845 2446 954 2502 vulnera

51 2508 170 2576 curantis,
183 2507 274 2576 aliqua
286 2523 336 2558 vox
348 2508 463 2576 asperior
480 2519 551 2560 esset
568 2512 698 2580 aeoepta,⁸
708 2529 893 2569 merueramus
904 2517 954 2571 lor·

52 2577 117 2630 tibus
137 2576 222 2643 lactis,
244 2584 273 2627 ut
295 2576 390 2628 malles
413 2593 445 2628 ea
468 2580 578 2648 tempori
602 2589 689 2633 nostru
712 2581 850 2652 imputare,
871 2605 953 2656 quarn

51 2647 144 2699 animo.
179 2647 248 2698 ‘Cum
260 2645 323 2725 quid
336 2646 432 2698 aooidit
444 2647 548 2716 tristiuS,
557 2666 651 2702 ornnes
663 2652 700 2702 rei
711 2654 792 2722 eunt,⁹
802 2657 955 2724 corporibus

51 2717 148 2786 nostris,
158 2733 228 2785 qnae
238 2717 348 2784 utrqne¹⁰
356 2731 406 2768 non
415 2715 527 2787 odimus,
537 2717 647 2772 infestes
654 2721 830 2775 admovemus
842 2743 953 2780 manus:

79 2846 86 2869 ¹
98 2839 210 2888 ‘violent
221 2839 266 2887 und
278 2839 333 2887 rash
344 2841 495 2899 expressions
506 2859 533 2892 or
544 2844 679 2906 language!

78 2903 88 2928 ¹
99 2903 105 2926 ‘
115 2899 212 2955 Ontfit‚’
225 2899 282 2946 here
296 2900 391 2946 ‘arms’

78 2958 187 3027 ’Supply
199 2976 241 3007 nos
252 2967 293 3025 out
304 2957 332 3005 ol
343 2959 383 3006 the
411 2961 506 3010 revious
517 2962 606 3012 clause.

78 3021 87 3045 ⁴
98 3017 308 3086 ‘'without-being
318 3019 384 3077 preju
402 3019 464 3078 ged’
483 3021 520 3069 He
532 3037 616 3071 means
627 3022 688 3078 that,
699 3022 770 3072 when
780 3024 897 3077 incheme
907 3029 955 3081 und

52 3075 160 3183 depqrepl
171 3077 245 3183 qths
256 3091 328 3131 arms,
340 3077 371 3145 he
381 3077 432 3185 hads
439 3081 536 3152 seemed
547 3097 574 3129 as
586 3082 607 3130 if
619 3081 715 3143 already
726 3085 884 3136 condemned.

77 3142 701 3266 ·‘rides‘lillll'll‘lllrffvil'l'rtlffw‘illll
713 3142 788 3201 m
801 3149 824 3202 ²’
837 3152 923 3200 Μ·

78 3254 123 3306 'In
135 3253 188 3322 ¹this
204 3265 364 3312 comparative
380 3271 401 3302 rs
417 3257 572 3327 rmplredthe
583 3275 655 3308 sense
666 3260 694 3309 of
708 3264 787 3321 ‘too;'
801 3267 907 3329 namely,
921 3269 955 3332 hy

53 3329 80 3362 eu
109 3314 116 3360 l
134 3329 175 3374 rng
185 3329 256 3373 qaam
263 3330 308 3374 pur
318 3323 361 3369 est.
376 3319 457 3382 ‘more
468 3317 626 3380 malignantly
638 3321 695 3369 than
706 3317 727 3371 is
738 3323 802 3384 right
812 3341 840 3375 or
850 3327 911 3376 fair!

78 3377 87 3402 ¹
122 3372 212 3431 surely,
225 3374 333 3428 auribus
346 3374 494 3432 equitatem.
506 3377 635 3435 therefore.
647 3389 673 3430 to
683 3385 774 3432 audite

78 3435 87 3461 ¹
98 3431 149 3480 ‘All
159 3447 199 3479 are
211 3431 313 3480 acoused
321 3431 337 3490 ς’
350 3432 403 3481 that
414 3432 443 3491 is,
458 3439 509 3484 ‘we
521 3436 600 3488 blame
612 3439 659 3489 und
669 3457 755 3492 accuse
766 3459 841 3507 every
850 3445 916 3496 otte?

71 3494 87 3521 ¹⁸
97 3491 139 3539 ‘At
150 3490 183 3539 all
193 3490 294 3539 events!
