2294 3842
476 211 568 250 ctera
589 210 651 251 viu.
953 197 1012 254 25³

98 319 205 372 nuutios
224 318 331 372 daretur
349 317 425 372 fides.
461 319 560 386 Corpus
579 336 658 372 suum
678 327 705 371 et
725 335 834 387 regnum
856 320 1012 390 permittere

99 388 147 456 illi,
157 404 241 456 quem
253 388 330 440 eoiret
342 387 451 456 gloriae¹
462 387 629 456 militantem,
640 387 707 441 nihil
720 389 805 457 magis
817 407 898 460 quam
911 387 1012 444 lamam

100 457 195 512 timere
209 457 346 525 perfidiae.

134 531 176 578 43.
191 525 290 579 Laetus
303 525 471 595 simplicitate
490 525 594 579 barbari
613 543 660 578 rex
677 535 703 578 et
721 525 857 581 dexteram
871 527 934 582 fidei
949 545 1013 581 suae

101 595 199 664 pignus
217 596 300 664 dedit,
314 604 340 647 et
354 613 465 664 regnum
477 596 598 648 restituit.
634 595 692 649 LVI
705 595 840 664 elephanti
853 608 933 666 erant,
947 615 1013 678 quos

102 663 210 717 tradidit
228 665 387 731 Alexandro,
408 664 544 732 multaque
562 682 657 735 pecora
675 665 790 718 eximiae
816 667 1011 736 magnitudinis,

102 742 190 786 tauros
208 734 243 786 ad
265 734 304 787 lll
325 734 408 802 milia,
429 735 572 802 pretiosum
593 736 620 786 in
639 751 672 786 ea
692 735 796 802 regione
819 746 1012 806 acceptumque

102 803 199 856 animis
218 804 385 872 regnantium
403 813 561 856 armentum.
597 804 739 862 Quaerenti
753 804 910 872 Alexandro,
925 806 1013 873 plures

101 873 277 940 agricultores
289 873 398 925 haberet
409 890 445 924 an
457 872 575 926 militesl
594 890 656 926 oum
669 872 772 925 duobus
785 873 892 942 regibus
904 874 1012 928 bellanti

101 942 152 996 sibi
173 941 275 1012 majore
295 943 410 995 militum
430 959 510 1010 quam
531 944 674 1010 agrestium
699 959 779 996 manu
803 961 869 1012 opus
893 961 952 996 esse
973 961 1012 996 re-

102 1012 215 1082 spondit.
253 1012 379 1065 Abisares
402 1019 429 1063 et
452 1011 534 1064 Porus
557 1020 639 1081 erant,
665 1010 713 1064 sed
738 1012 763 1063 in
788 1013 853 1065 Poro
878 1012 1013 1065 eminebat

102 1082 253 1135 auctoritas.
290 1081 406 1150 Uterque
430 1080 496 1132 ultra
520 1081 612 1150 Hydas
630 1099 664 1133 en
687 1098 796 1134 amnem
820 1081 965 1150 regnabat,²
986 1091 1013 1136 et

102 1147 165 1204 belli
188 1150 328 1218 fortunam,
349 1150 469 1219 quisquis
489 1167 564 1204 anna
583 1099 697 1220 inllrrret,
718 1151 828 1220 experiri
850 1151 1012 1204 decreverat.

102 1219 221 1288 Omphis,
241 1220 411 1288 permittente
427 1219 585 1290 Alexandro,
605 1228 632 1273 et
651 1220 873 1289 reginm‘iusigne
892 1221 1011 1291 sumpsit,

53 1313 58 1322 ·
103 1297 129 1344 et
144 1293 219 1342 more
234 1289 323 1357 gentis
340 1305 404 1341 suae
423 1306 526 1358 nomen,
540 1289 610 1358 quod
622 1290 703 1360 patris
715 1289 809 1342 luerat.
846 1291 955 1344 Taxilen
968 1307 1012 1360 ap·

102 1357 238 1430 pellavere
257 1357 403 1428 populares,
424 1367 552 1427 sequente
576 1360 682 1412 nomine
706 1359 855 1428 imperium,
876 1361 901 1412 in
920 1377 1012 1428 queru-

103 1445 209 1497 cunque
240 1427 381 1480 transiret.³
426 1427 508 1494 igitur
537 1445 598 1481 curn
628 1446 675 1498 per
704 1429 820 1482 triduum
851 1429 1013 1498 hospitaliter

104 1497 286 1552 Alexandrum
317 1497 471 1564 accepisset,
495 1507 588 1567 quarto
611 1499 655 1551 die
679 1507 706 1552 et
729 1507 856 1567 quantum
888 1499 1013 1553 frumenti

103 1567 195 1637 copiis,
219 1584 294 1635 quas·
315 1566 496 1635 Hephaestion
525 1567 644 1637 duxerat,
663 1567 812 1637 praebitum
836 1586 852 1620 a
877 1587 906 1620 se
932 1577 1011 1639 esset,

102 1636 227 1702 ostendit,
247 1644 273 1688 et
291 1653 386 1688 aureae
404 1653 513 1689 coronas
531 1636 581 1705 ipsi
600 1638 747 1707 amicisque
765 1637 895 1707 omnibus,
910 1648 1013 1708 praeter

103 1705 171 1758 haec
190 1705 285 1772 signati
303 1705 404 1773 argenti
422 1705 514 1758 LXXX
533 1705 630 1761 talenta
647 1705 715 1759 dono
733 1706 815 1759 dedit.
852 1707 910 1766 Qua
925 1707 1012 1778 benig·

102 1775 186 1829 nitate
199 1773 258 1844 ejus
269 1774 421 1828 Alexander
433 1775 499 1828 mire
515 1774 609 1844 laetus,
623 1783 649 1828 et
662 1793 731 1845 quae
744 1775 767 1826 is
779 1776 889 1828 dederat
903 1777 1012 1846 remisit,

104 1851 132 1898 et
142 1844 218 1901 mille
235 1843 334 1896 talenta
353 1861 386 1898 ex
403 1844 509 1913 praeda,
523 1861 605 1913 qoam
617 1844 741 1913 vehebat,
754 1844 861 1914 adjecit,
874 1847 1012 1916 multaque

101 1913 250 1969 australia
262 1931 295 1968 ex
307 1931 369 1965 auro
382 1923 408 1966 et
421 1922 528 1982 argento
541 1929 612 1980 vasa,
627 1914 771 1993 plurimam
784 1915 906 1966 Persicae
920 1917 1010 1984 vestis,

101 1983 172 2038 XXX
185 2000 268 2052 equos
279 1999 313 2036 ex
326 1983 388 2050 suis,
401 2000 462 2036 cum
476 1982 572 2036 iisdem
585 1982 737 2051 insignibus,
751 1983 811 2052 quis
821 1985 1014 2053 assueverant,⁴

101 2069 163 2106 cum
185 2053 272 2121 ipsum
292 2051 427 2104 veherent.
463 2052 537 2110 Quae
557 2052 700 2105 liberalitas
718 2053 785 2105 siout
805 2051 946 2105 barbarum
968 2053 1012 2106 ob-

102 2122 250 2187 strinxerat,
270 2123 306 2174 ita
323 2122 423 2176 amicos
438 2122 520 2190 ipsius
535 2123 709 2176 vehementer
726 2121 845 2174 offendit.
881 2123 1014 2190 Equibus

101 2191 248 2257 Meleager,
262 2208 341 2260 super
352 2208 464 2245 coenam
476 2190 586 2259 largiore
598 2193 660 2244 vino
672 2209 743 2260 usus,
756 2191 879 2259 gratulari
892 2209 920 2244 se
934 2192 1012 2246 Alex-

101 2260 182 2312 andro
195 2261 270 2328 dixit,
284 2261 354 2330 quod
367 2261 463 2313 saltem
480 2261 508 2314 in
527 2261 601 2314 ludia
614 2261 771 2331 repperisset
784 2259 893 2329 dignum
907 2261 1013 2316 talentis

102 2329 183 2384 mille.
219 2333 284 2399 Rex,
299 2330 368 2382 haud
386 2330 483 2383 oblitus
500 2346 582 2399 quam
599 2347 679 2400 aegre
698 2331 808 2399 tulisset,
824 2331 893 2400 quod
914 2331 1012 2386 Clitum

101 2399 135 2454 ob
152 2400 260 2468 liuguae
280 2400 469 2452 termeritatem
487 2399 634 2470 occidisset,
651 2401 715 2454 iram
735 2399 845 2470 quidem
857 2403 950 2472 tenuit,
964 2401 1012 2456 sed

101 2468 175 2536 dixit,
185 2471 289 2522 invidos
298 2469 418 2522 homines
426 2469 492 2522 nihil
501 2468 581 2539 aliud,
589 2487 669 2540 qoam
681 2472 795 2541 ipsorum
806 2489 864 2524 esse
873 2480 1011 2525 tormenta.

136 2546 178 2594 44.
197 2541 305 2593 Postero
328 2539 370 2591 die
395 2537 476 2606 legati
499 2538 626 2594 Abisarae
656 2541 745 2594 adiere
776 2558 875 2609 regem.
917 2541 1012 2595 Omnia

101 2609 197 2662 dicioni
214 2609 281 2678 ejus,
295 2609 331 2660 ita
343 2617 370 2676 ut
385 2608 539 2669 mandatum
555 2619 617 2676 erat,
631 2610 835 2681 permittebant,
854 2611 1012 2679 firmataque

102 2679 215 2732 invicem
229 2679 290 2746 tide,
304 2679 470 2730 remittuntur
481 2677 516 2730 ad
528 2695 628 2747 regem.
664 2680 760 2732 Porum
776 2695 881 2758 quoque
899 2679 1012 2732 nominis

101 2749 142 2800 soi
162 2749 234 2801 lama
253 2758 324 2800 ratus
341 2747 374 2800 ad
393 2747 555 2802 deditionem
569 2765 648 2818 posse
661 2746 792 2817 compelli,
806 2748 878 2800 misit
896 2747 929 2798 ad
948 2764 1011 2800 enm

101 2818 271 2884 Cleocharen,
288 2817 334 2887 qui
352 2817 518 2870 denuntiaret
531 2817 564 2886 ei,
578 2827 607 2870 ut
618 2816 780 2886 stipendium
796 2814 933 2936 penderet,
945 2825 972 2868 et
985 2817 1011 2871 in

100 2889 185 2956 primo
204 2904 311 2940 suorum
328 2886 421 2939 linium
438 2885 513 2939 aditu
530 2895 679 2940 occurreret
697 2885 759 2953 regi.
817 2900 878 2936 orus
897 2883 1011 2939 altemm

131 3041 138 3064 .
152 3041 158 3061 r
500 3035 506 3056 2

129 3034 593 3150 ²Ahllslleeslllllllllhelorloillilytowards
610 3091 650 3140 the
666 3105 741 3152 upper
756 3100 808 3151 part
824 3091 852 3140 os
869 3092 910 3142 the
931 3093 1008 3150 risen

20 3193 23 3203 .
101 3152 180 3202 Poros
192 3152 283 3200 further
294 3151 373 3200 south.

129 3212 251 3260 ’Taxilae
274 3227 323 3260 was
344 3210 463 3258 therefore
482 3225 496 3258 a
514 3210 566 3259 title
585 3209 614 3258 os
629 3210 730 3268 honour,
751 3212 865 3264 assumed
885 3214 919 3274 by
936 3226 1010 3272 every

99 3272 215 3320 monaroh
230 3264 300 3320 ivhen
317 3271 347 3318 he
363 3269 497 3318 succeeded
513 3280 538 3317 to
554 3269 595 3316 the
611 3268 704 3318 throne.
736 3271 774 3320 As
790 3281 815 3320 to
831 3275 952 3328 transiret,
966 3286 1008 3320 see

102 3331 273 3387 cremasse,
286 3343 342 3378 nore
353 3334 374 3378 3.
406 3327 462 3375 The
474 3327 561 3388 capital
571 3327 654 3376 ol'this
665 3327 748 3390 kiug’s
758 3341 860 3392 country
871 3347 921 3380 was
932 3331 1009 3382 called
1099 3357 1102 3368 =

100 3387 199 3442 Taxila.
213 3389 259 3437 and
270 3405 321 3436 uas
332 3386 436 3437 situated
447 3389 558 3436 between
568 3387 610 3436 the
622 3387 697 3438 Indus
708 3390 806 3441 audthe
817 3391 953 3452 Hydaspes.

129 3455 139 3478 ⁴
151 3455 158 3475 ¹
168 3449 259 3498 Which
270 3449 329 3510 they
339 3446 434 3507 usually
444 3445 508 3496 had)
