2278 3846
134 219 191 278 m
399 235 439 276 or
463 233 572 278 carris
592 235 779 302 urrinnai.

130 343 202 398 baud
215 345 264 398 rati
276 343 420 398 seiuturur
436 359 522 416 pares.
559 344 656 414 Ingens
672 361 734 416 ergo
752 347 779 399 in
797 345 971 400 tabernaculo
989 343 1045 398 seli-

131 414 194 467 tudo
205 422 269 484 erat,
282 415 375 483 paucis
390 414 559 538 spadonibus,
571 413 636 486 quia
647 431 699 484 quo
710 416 878 469 discederent
897 433 949 469 non
968 416 1046 469 babo

131 483 194 542 bant
223 485 405 537 circumstanti
425 501 457 537 us
476 501 576 553 regern.
612 484 712 538 Atilia
742 488 849 539 remotis
868 486 982 555 arbitris,
1004 485 1047 539 diu

130 523 203 606 aliutl
221 563 303 624 atque
319 553 392 607 aliud
411 554 551 608 consilium
569 557 658 608 anirnc
673 525 818 609 volutabat.
854 556 971 625 Jamque
990 555 1046 608 soli·

131 623 260 692 tudinem,
284 639 367 694 quam
386 624 468 702 paulo
490 633 554 676 anta
575 641 623 694 pro
646 624 737 679 solatio
761 625 899 696 petiverat,
921 627 1047 696 perosus,¹

131 691 258 746 Bubacen
277 695 365 746 vocari
381 694 467 764 jubet.
502 694 590 753 Quem
609 695 723 764 intuens,
737 695 783 764 lte,
798 697 891 764 inquit,
909 694 1046 766 consulite,

130 761 213 832 robis,
226 763 261 816 ad
273 763 397 818 ultimum
411 765 466 834 regi
479 774 572 834 restro,
587 773 615 818 ut
627 764 747 834 decebat,
760 763 814 818 fide
826 765 956 820 exhibita.
994 767 1048 836 Ego

130 831 181 887 bic.
193 832 283 902 legern
302 832 352 887 lati
371 835 428 888 mei
447 843 567 904 expemc
605 834 725 888 Forsitan
744 835 856 906 mireris,
873 837 946 905 quod
965 837 1048 890 vitam

131 918 183 956 uon
206 903 315 958 liniam:
338 903 427 959 alieno
450 903 558 974 scalere,
584 921 666 974 quam
688 922 757 974 meo,
779 905 844 958 mori
867 905 949 959 rnalo.
988 904 1049 960 Post

131 971 202 1026 banc
213 989 308 1027 vocem
320 975 403 1044 spado
413 975 516 1044 gemitu
529 991 579 1026 non
592 975 793 1028 tabernaculum
805 975 891 1044 modo,
906 976 955 1029 sed
968 979 1049 1032 etiarn

130 1052 220 1096 castra
242 1044 397 1116 complevit.
433 1045 553 1114 Irrupere
575 1043 673 1098 deiude
696 1044 751 1114 ulii,
767 1043 949 1115 laceratisque
970 1047 1049 1098 vesti·

132 1112 184 1166 bus
203 1113 307 1186 lugubri
327 1123 355 1167 et
374 1115 485 1169 barbaro
503 1113 605 1168 ululatu
626 1131 718 1182 regem
737 1115 873 1186 deplorare
894 1125 1049 1186 coeperunt.

118 1229 120 1234 ,
133 1183 240 1254 Persae,
248 1183 283 1237 ad
293 1183 475 1238 illoselamora
482 1183 591 1254 perlato,
599 1185 701 1238 attoniti
711 1193 793 1253 metu,
803 1201 852 1237 nec
860 1201 934 1238 arma
943 1202 1049 1256 capere,

132 1271 167 1308 ne
181 1255 206 1307 in
218 1253 372 1308 Bactrianos
384 1254 539 1324 inciderent,
550 1271 600 1307 nec
612 1255 751 1325 quiescere
763 1254 905 1323 audebant,
919 1273 953 1308 ue
966 1256 1050 1336 impie

133 1323 257 1378 deserere
269 1339 363 1393 regem
375 1325 534 1378 riderentur.
571 1325 667 1378 Varius
685 1341 717 1377 ac
735 1325 858 1378 dissonus
876 1326 978 1379 clamor
992 1329 1050 1378 sine

133 1393 203 1448 duce
214 1410 247 1446 ac
259 1394 316 1446 siue
329 1393 441 1464 imperio
453 1394 514 1446 totis
526 1394 621 1448 castris
634 1393 817 1448 referebatur.²

169 1468 211 1516 34.
230 1463 312 1518 &eso
324 1473 351 1516 et
362 1463 512 1518 Nabarzani
526 1465 709 1518 nuntiaverant
719 1465 766 1533 sui,
779 1481 869 1534 regem
878 1479 895 1518 a
904 1465 1050 1536 semetipso

134 1533 324 1604 interemptum
343 1549 412 1586 esse.
450 1533 575 1589 Planctus
592 1551 638 1587 eos
656 1534 808 1604 deceperat.
845 1536 940 1605 Itaque
961 1538 1051 1591 citatis

134 1603 212 1672 equis
229 1603 362 1672 advolant,
376 1604 550 1674 sequentibus
562 1619 629 1673 quos
640 1605 674 1656 atl
687 1604 866 1659 ministerium
879 1606 990 1659 sceleris
1001 1607 1050 1660 de·

134 1673 253 1741 legerant
261 1689 269 1742 ;
287 1681 389 1727 etcum
401 1673 603 1728 tabernaculum
616 1674 765 1743 intrassent,
778 1677 841 1744 quia
855 1692 947 1743 regem
956 1677 1049 1730 virere

135 1743 267 1812 spadones
279 1743 439 1812 indicabant,
452 1743 643 1814 comprehendi
655 1745 800 1814 vincirique
812 1743 954 1814 jusserunt.
991 1747 1049 1800 Rex

134 1828 212 1867 curru
222 1813 301 1884 paulo
309 1822 372 1867 aute
381 1822 475 1867 vectus
485 1823 511 1868 et
524 1814 634 1866 deorum
645 1815 772 1882 auspiciis
783 1832 816 1867 ac
828 1815 884 1868 auis
895 1814 1050 1870 bonoribus’

134 1882 230 1952 cultus,
241 1883 313 1937 nulla
326 1892 435 1937 externa
446 1886 509 1954 ope*
518 1883 634 1954 admota,
644 1885 767 1952 captivus
779 1901 916 1938 servorum
930 1903 1048 1958 suorum,

135 1953 162 2006 in
174 1953 311 2008 sordidum
319 1953 476 2007 vehiculum
484 1953 597 2024 pellibus
606 1953 722 2022 undique
731 1961 884 2008 contectum
896 1955 1047 2025 imponitur.
1131 2011 1132 2026 ,

135 2023 252 2077 Pecunia
264 2024 334 2094 regis
345 2032 373 2078 et
385 2023 505 2094 supellex
516 2024 592 2094 quasi
605 2022 668 2076 belli
679 2023 738 2092 J'ure
750 2023 871 2095 diripitur
878 2041 886 2093 3
904 2026 1048 2095 onustique

135 2094 242 2216 pqaeda,
255 2111 302 2164 per
319 2093 408 2147 scelus
425 2094 548 2147 ultimum
567 2091 755 2162 parta,2fugam
775 2094 936 2147 intendunt.⁵
972 2098 1048 2149 Arra·

172 2181 221 2216 zue
237 2181 301 2217 cum
320 2163 369 2233 his,
385 2163 432 2234 qui
450 2163 560 2232 imperio
578 2163 713 2232 parebant,
726 2163 890 2234 Graecisque
907 2165 1047 2237 militibus,
1131 2161 1132 2230 f

136 2231 297 2286 Parthienen
308 2233 425 2302 petebat,
434 2234 523 2286 omnia
533 2233 627 2286 tutiora
636 2232 827 2302 parricidarum
835 2235 956 2288 contuitu
966 2245 1046 2289 ratus.

136 2300 241 2372 Persae,
254 2303 390 2371 promissis
398 2302 473 2355 Bessi
484 2304 592 2380 onerati,
605 2303 723 2356 maxime
736 2304 797 2382 quia
809 2319 888 2356 nemo
900 2304 971 2358 alius
982 2313 1046 2376 erat,
1131 2341 1132 2346 =

135 2383 217 2442 quern
235 2383 415 2442 sequerentur,
436 2388 596 2440 conjunxere
614 2389 643 2426 se
664 2371 816 2442 Bactrianis,
835 2389 932 2441 agmen
955 2392 1047 2430 eoruru

136 2442 212 2494 tertio
224 2441 339 2493 assecuti
351 2441 404 2493 die.
423 2441 465 2494 Ne
478 2449 567 2494 tamen
581 2441 664 2494 honos
676 2442 729 2511 regi
739 2459 789 2496 nou
800 2440 950 2514 haberetur,
960 2445 1048 2498 aureis
1131 2449 1132 2502 l

135 2511 310 2580 compedibus
321 2511 439 2564 Dareum
450 2509 577 2577 vinciunt,
590 2527 660 2564 nova
676 2511 790 2566 ludibria
806 2512 930 2566 subinde⁶
942 2530 994 2568 erc
1011 2514 1047 2567 ‹ri-

135 2589 209 2635 tanta
223 2579 334 2661 fortuna,
365 2579 399 2634 Et
409 2596 443 2634 ue
456 2580 522 2633 torte
535 2581 607 2634 cultu
619 2580 693 2661 regio
704 2591 794 2662 pqsset
805 2584 922 2652 agnosci,
935 2584 1007 2637 sordi
1027 2585 1048 2638 is
1131 2639 1132 2650 ,

135 2649 250 2722 pellibus
269 2649 424 2712 vehiculum
443 2649 605 2706 intexerent:
630 2659 711 2720 ignoti
729 2661 850 2720 jumenta
870 2653 995 2724 agebant,
1014 2670 1048 2707 ne
1131 2661 1132 2664 ’

135 2719 351 2793 percontantibus
368 2721 395 2774 iu
413 2721 521 2790 agmine
539 2721 677 2775 monstrari
695 2731 798 2790 posset:
817 2723 943 2776 custodes
957 2724 1047 2794 procul
1131 2735 1132 2742 ¹

135 2791 324 2862 sequebantur.

171 2865 213 2914 ³5.
232 2859 390 2930 Alexander,
413 2859 515 2914 auditol
543 2855 671 2914 Dareumx
688 2860 804 2914 movisse
832 2859 868 2914 ab
892 2860 1047 2932 Ecbatanis
1131 2885 1132 2896 ¹

163 2963 284 3053 :Passim
296 2962 366 3020 form,
378 2965 419 3012 but
432 2962 510 3011 active
520 2961 689 3024 signification.
721 2961 768 3010 See
780 2962 879 3022 Zumpt,
892 2963 968 3013 l221.

165 3021 367 3130 'Equqqqlepteetp
377 3024 604 3150 'simbronae
617 3081 650 3144 by
661 3079 702 3150 the
713 3080 819 3138 picturas
830 3081 876 3130 and
887 3081 1009 3132 emblema
1019 3083 1047 3153 oi

135 3139 426 3250 {gehffilfwalglffinm
442 3140 534 3190 carried
548 3139 630 3188 belota
646 3139 706 3196 him,
719 3138 766 3188 end
777 3140 810 3199 by
820 3139 862 3188 the
872 3139 980 3191 honours
991 3141 1048 3204 paul

165 3215 899 3366 :libila¹¹¹¹ss⁸¹¹⁸559⁰11⁸⁶2⁰fr¹1¹22⁸⁸ss⁰3ffl⁰timum’'me'‘
929 3320 935 3332 ι
963 3319 1048 3370 mm
1131 3289 1132 3292 ,

126 3319 962 3446 ,Μῃᾱεξιᾳῑιπεοςέᾲοῃρωεεῗᾱιῑ-ῖπεῑὲεῑῑ·ω“ίψω

164 3441 175 3468 ⁸
187 3435 276 3484 'From
286 3445 345 3483 tune
355 3443 381 3482 to
391 3435 467 3482 time)

166 3493 233 3574 'For'
243 3493 304 3544 such
314 3508 329 3542 a
338 3492 462 3555 participle
473 3506 500 3541 as
510 3491 560 3542 this
576 3495 600 3542 in
616 3495 657 3543 the
668 3497 773 3546 ablativo
784 3495 903 3555 absoluta,
915 3496 1021 3550 without
1030 3513 1046 3550 a
