<?xml version="1.0" encoding="UTF-8"?>
<!DOCTYPE html PUBLIC "-//W3C//DTD XHTML 1.0 Transitional//EN"
    "http://www.w3.org/TR/xhtml1/DTD/xhtml1-transitional.dtd">
<html xmlns="http://www.w3.org/1999/xhtml" xml:lang="en" lang="en">
 <head>
  <title>
</title>
<meta http-equiv="Content-Type" content="text/html;charset=utf-8" />
  <meta name='ocr-system' content='tesseract 3.04.00' />
  <meta name='ocr-capabilities' content='ocr_page ocr_carea ocr_par ocr_line ocrx_word'/>
</head>
<body>
  <div class='ocr_page' id='page_1' title='image "./qcurtiirufidege02rufugoog_0305.png"; bbox 0 0 2294 3842; ppageno 0'>
   <div class='ocr_carea' id='block_1_1' title="bbox 502 145 1028 248">
    <p class='ocr_par' dir='ltr' id='par_1_1' title="bbox 502 145 1028 248">
     <span class='ocr_line' id='line_1_1' title="bbox 502 145 1028 248; baseline 0.002 -1"><span class='ocrx_word' id='word_1_1' title='bbox 502 145 593 248; x_wconf 68' lang='lat' dir='ltr'>urasa&#39;</span> <span class='ocrx_word' id='word_1_2' title='bbox 612 207 654 246; x_wconf 87' lang='lat' dir='ltr'>rx.</span> <span class='ocrx_word' id='word_1_3' title='bbox 880 198 884 202; x_wconf 81' lang='grc'><strong>“</strong></span> <span class='ocrx_word' id='word_1_4' title='bbox 969 189 1028 248; x_wconf 65' lang='lat'>295</span> 
     </span>
    </p>
   </div>
   <div class='ocr_carea' id='block_1_2' title="bbox 124 313 1030 741">
    <p class='ocr_par' dir='ltr' id='par_1_2' title="bbox 124 313 1030 741">
     <span class='ocr_line' id='line_1_2' title="bbox 125 313 1028 385; baseline -0.001 -16"><span class='ocrx_word' id='word_1_5' title='bbox 125 313 236 383; x_wconf 79' lang='lat' dir='ltr'>singulis</span> <span class='ocrx_word' id='word_1_6' title='bbox 252 313 286 367; x_wconf 86' lang='lat' dir='ltr'>ad</span> <span class='ocrx_word' id='word_1_7' title='bbox 304 331 318 368; x_wconf 88' lang='lat' dir='ltr'>s</span> <span class='ocrx_word' id='word_1_8' title='bbox 353 328 378 368; x_wconf 91' lang='lat' dir='ltr'>m</span> <span class='ocrx_word' id='word_1_9' title='bbox 398 313 490 368; x_wconf 89' lang='lat' dir='ltr'>salutis</span> <span class='ocrx_word' id='word_1_10' title='bbox 507 315 577 385; x_wconf 88' lang='lat' dir='ltr'>ipsos</span> <span class='ocrx_word' id='word_1_11' title='bbox 593 313 720 384; x_wconf 88' lang='lat' dir='ltr'>prolicere</span> <span class='ocrx_word' id='word_1_12' title='bbox 742 315 931 384; x_wconf 87' lang='lat' dir='ltr'>credentibus,¹</span> <span class='ocrx_word' id='word_1_13' title='bbox 947 330 1028 384; x_wconf 88' lang='lat' dir='ltr'>quau·</span> 
     </span>
     <span class='ocr_line' id='line_1_3' title="bbox 125 383 1029 455; baseline 0 -17"><span class='ocrx_word' id='word_1_14' title='bbox 125 393 185 438; x_wconf 86' lang='lat' dir='ltr'>tum</span> <span class='ocrx_word' id='word_1_15' title='bbox 201 384 303 438; x_wconf 87' lang='lat' dir='ltr'>itineris</span> <span class='ocrx_word' id='word_1_16' title='bbox 332 383 468 436; x_wconf 87' lang='lat' dir='ltr'>estinando</span> <span class='ocrx_word' id='word_1_17' title='bbox 486 385 676 455; x_wconf 81' lang='lat' dir='ltr'>praeciperent.</span> <span class='ocrx_word' id='word_1_18' title='bbox 712 385 793 453; x_wconf 84' lang='lat' dir='ltr'>Igitur</span> <span class='ocrx_word' id='word_1_19' title='bbox 810 385 856 454; x_wconf 94' lang='lat' dir='ltr'>qui</span> <span class='ocrx_word' id='word_1_20' title='bbox 874 385 1029 440; x_wconf 89' lang='lat' dir='ltr'>defecerant</span> 
     </span>
     <span class='ocr_line' id='line_1_4' title="bbox 124 453 1030 524; baseline 0 -17"><span class='ocrx_word' id='word_1_21' title='bbox 124 462 200 508; x_wconf 86' lang='lat' dir='ltr'>notos</span> <span class='ocrx_word' id='word_1_22' title='bbox 218 453 372 523; x_wconf 86' lang='lat' dir='ltr'>ignotosque</span> <span class='ocrx_word' id='word_1_23' title='bbox 389 461 419 506; x_wconf 91' lang='lat' dir='ltr'>ut</span> <span class='ocrx_word' id='word_1_24' title='bbox 437 453 613 506; x_wconf 74' lang='lat' dir='ltr'>allevarentur</span> <span class='ocrx_word' id='word_1_25' title='bbox 632 453 754 507; x_wconf 87' lang='lat' dir='ltr'>orabant:</span> <span class='ocrx_word' id='word_1_26' title='bbox 774 454 821 508; x_wconf 87' lang='lat' dir='ltr'>sed</span> <span class='ocrx_word' id='word_1_27' title='bbox 840 471 891 507; x_wconf 92' lang='lat' dir='ltr'>nec</span> <span class='ocrx_word' id='word_1_28' title='bbox 910 454 1030 524; x_wconf 87' lang='lat' dir='ltr'>jumenta</span> 
     </span>
     <span class='ocr_line' id='line_1_5' title="bbox 125 521 1029 602; baseline -0.001 -26"><span class='ocrx_word' id='word_1_29' title='bbox 125 531 208 592; x_wconf 85' lang='lat' dir='ltr'>erant,</span> <span class='ocrx_word' id='word_1_30' title='bbox 227 523 324 592; x_wconf 89' lang='lat' dir='ltr'>quibus</span> <span class='ocrx_word' id='word_1_31' title='bbox 347 521 434 602; x_wconf 80' lang='lat' dir='ltr'>excipi</span> <span class='ocrx_word' id='word_1_32' title='bbox 456 529 568 592; x_wconf 79' lang='lat' dir='ltr'>possent,</span> <span class='ocrx_word' id='word_1_33' title='bbox 589 532 616 575; x_wconf 90' lang='lat' dir='ltr'>et</span> <span class='ocrx_word' id='word_1_34' title='bbox 638 523 719 576; x_wconf 88' lang='lat' dir='ltr'>miles</span> <span class='ocrx_word' id='word_1_35' title='bbox 735 523 781 576; x_wconf 85' lang='lat' dir='ltr'>vix</span> <span class='ocrx_word' id='word_1_36' title='bbox 803 539 877 576; x_wconf 86' lang='lat' dir='ltr'>arma</span> <span class='ocrx_word' id='word_1_37' title='bbox 901 523 1029 592; x_wconf 91' lang='lat' dir='ltr'>portabat,</span> 
     </span>
     <span class='ocr_line' id='line_1_6' title="bbox 126 591 1029 662; baseline -0.001 -17"><span class='ocrx_word' id='word_1_38' title='bbox 126 591 342 660; x_wconf 80' lang='lat' dir='ltr'>imminentisque</span> <span class='ocrx_word' id='word_1_39' title='bbox 360 600 386 644; x_wconf 92' lang='lat' dir='ltr'>et</span> <span class='ocrx_word' id='word_1_40' title='bbox 404 592 468 662; x_wconf 89' lang='lat' dir='ltr'>rpsis</span> <span class='ocrx_word' id='word_1_41' title='bbox 486 591 570 644; x_wconf 81' lang='lat' dir='ltr'>facies</span> <span class='ocrx_word' id='word_1_42' title='bbox 588 591 651 645; x_wconf 91' lang='lat' dir='ltr'>mali</span> <span class='ocrx_word' id='word_1_43' title='bbox 669 591 833 646; x_wconf 86' lang='lat' dir='ltr'>anteoculos</span> <span class='ocrx_word' id='word_1_44' title='bbox 850 594 926 645; x_wconf 71' lang='lat' dir='ltr'>erat.²</span> <span class='ocrx_word' id='word_1_45' title='bbox 961 593 1029 661; x_wconf 89' lang='lat' dir='ltr'>Ergo</span> 
     </span>
     <span class='ocr_line' id='line_1_7' title="bbox 126 660 1029 741; baseline 0 -27"><span class='ocrx_word' id='word_1_46' title='bbox 126 661 233 731; x_wconf 85' lang='lat' dir='ltr'>saepius</span> <span class='ocrx_word' id='word_1_47' title='bbox 245 661 366 741; x_wconf 86' lang='lat' dir='ltr'>revocati,</span> <span class='ocrx_word' id='word_1_48' title='bbox 380 678 413 714; x_wconf 88' lang='lat' dir='ltr'>ne</span> <span class='ocrx_word' id='word_1_49' title='bbox 426 662 555 730; x_wconf 83' lang='lat' dir='ltr'>respicere</span> <span class='ocrx_word' id='word_1_50' title='bbox 567 660 676 730; x_wconf 88' lang='lat' dir='ltr'>quidem</span> <span class='ocrx_word' id='word_1_51' title='bbox 688 678 750 714; x_wconf 91' lang='lat' dir='ltr'>suos</span> <span class='ocrx_word' id='word_1_52' title='bbox 767 661 937 729; x_wconf 81' lang='lat' dir='ltr'>sustinebant,</span> <span class='ocrx_word' id='word_1_53' title='bbox 951 663 1029 714; x_wconf 91' lang='lat' dir='ltr'>mise-</span> 
     </span>
    </p>
   </div>
   <div class='ocr_carea' id='block_1_3' title="bbox 126 730 1127 800">
    <p class='ocr_par' dir='ltr' id='par_1_3' title="bbox 126 730 1127 800">
     <span class='ocr_line' id='line_1_8' title="bbox 126 730 1127 800; baseline 0 -17"><span class='ocrx_word' id='word_1_54' title='bbox 126 731 237 784; x_wconf 84' lang='lat' dir='ltr'>ricordia</span> <span class='ocrx_word' id='word_1_55' title='bbox 249 731 275 784; x_wconf 91' lang='lat' dir='ltr'>in</span> <span class='ocrx_word' id='word_1_56' title='bbox 288 730 455 783; x_wconf 80' lang='lat' dir='ltr'>formidinem</span> <span class='ocrx_word' id='word_1_57' title='bbox 468 747 553 782; x_wconf 86' lang='lat' dir='ltr'>versa.</span> <span class='ocrx_word' id='word_1_58' title='bbox 589 730 618 783; x_wconf 96' lang='lat' dir='ltr'>lll</span> <span class='ocrx_word' id='word_1_59' title='bbox 637 731 720 783; x_wconf 84' lang='lat' dir='ltr'>relicti</span> <span class='ocrx_word' id='word_1_60' title='bbox 738 730 803 783; x_wconf 81' lang='lat' dir='ltr'>deos</span> <span class='ocrx_word' id='word_1_61' title='bbox 814 738 903 800; x_wconf 84' lang='lat' dir='ltr'>testes,</span> <span class='ocrx_word' id='word_1_62' title='bbox 917 739 944 782; x_wconf 88' lang='lat' dir='ltr'>et</span> <span class='ocrx_word' id='word_1_63' title='bbox 956 747 1030 784; x_wconf 89' lang='lat' dir='ltr'>sacra</span> <span class='ocrx_word' id='word_1_64' title='bbox 1124 759 1127 765; x_wconf 90' lang='lat'>·</span> 
     </span>
    </p>
   </div>
   <div class='ocr_carea' id='block_1_4' title="bbox 125 799 1036 2800">
    <p class='ocr_par' dir='ltr' id='par_1_4' title="bbox 126 799 1029 869">
     <span class='ocr_line' id='line_1_9' title="bbox 126 799 1029 869; baseline 0 -17"><span class='ocrx_word' id='word_1_65' title='bbox 126 801 285 867; x_wconf 85' lang='lat' dir='ltr'>communia,</span> <span class='ocrx_word' id='word_1_66' title='bbox 299 801 419 869; x_wconf 86' lang='lat' dir='ltr'>regisque</span> <span class='ocrx_word' id='word_1_67' title='bbox 439 799 612 869; x_wconf 87' lang='lat' dir='ltr'>implorabant</span> <span class='ocrx_word' id='word_1_68' title='bbox 630 817 716 869; x_wconf 91' lang='lat' dir='ltr'>opem,</span> <span class='ocrx_word' id='word_1_69' title='bbox 730 815 845 869; x_wconf 91' lang='lat' dir='ltr'>cumque</span> <span class='ocrx_word' id='word_1_70' title='bbox 863 799 958 852; x_wconf 82' lang='lat' dir='ltr'>frustra</span> <span class='ocrx_word' id='word_1_71' title='bbox 976 817 1029 852; x_wconf 88' lang='lat' dir='ltr'>sur·</span> 
     </span>
    </p>

    <p class='ocr_par' dir='ltr' id='par_1_5' title="bbox 125 867 1029 938">
     <span class='ocr_line' id='line_1_10' title="bbox 125 867 1029 938; baseline 0 -16"><span class='ocrx_word' id='word_1_72' title='bbox 125 869 176 922; x_wconf 82' lang='lat' dir='ltr'>das</span> <span class='ocrx_word' id='word_1_73' title='bbox 199 885 279 921; x_wconf 88' lang='lat' dir='ltr'>aures</span> <span class='ocrx_word' id='word_1_74' title='bbox 301 869 447 938; x_wconf 86' lang='lat' dir='ltr'>fatigarent,</span> <span class='ocrx_word' id='word_1_75' title='bbox 468 871 495 921; x_wconf 92' lang='lat' dir='ltr'>in</span> <span class='ocrx_word' id='word_1_76' title='bbox 520 868 621 921; x_wconf 82' lang='lat' dir='ltr'>rabiem</span> <span class='ocrx_word' id='word_1_77' title='bbox 645 870 829 938; x_wconf 78' lang='lat' dir='ltr'>desperatione</span> <span class='ocrx_word' id='word_1_78' title='bbox 845 867 915 931; x_wconf 72' lang='lat' dir='ltr'>versi</span> <span class='ocrx_word' id='word_1_79' title='bbox 938 884 1029 937; x_wconf 86' lang='lat' dir='ltr'>parem</span> 
     </span>
    </p>

    <p class='ocr_par' dir='ltr' id='par_1_6' title="bbox 126 936 1029 1061">
     <span class='ocr_line' id='line_1_11' title="bbox 126 936 1029 1061; baseline -0.001 -71"><span class='ocrx_word' id='word_1_80' title='bbox 126 955 175 1061; x_wconf 57' lang='lat' dir='ltr'>ppo</span> <span class='ocrx_word' id='word_1_81' title='bbox 187 939 297 1007; x_wconf 83' lang='lat' dir='ltr'>exitum,</span> <span class='ocrx_word' id='word_1_82' title='bbox 310 939 463 1008; x_wconf 86' lang='lat' dir='ltr'>similesque</span> <span class='ocrx_word' id='word_1_83' title='bbox 475 937 540 1008; x_wconf 88' lang='lat' dir='ltr'>ipsis</span> <span class='ocrx_word' id='word_1_84' title='bbox 553 938 655 991; x_wconf 89' lang='lat' dir='ltr'>amicos</span> <span class='ocrx_word' id='word_1_85' title='bbox 674 947 701 990; x_wconf 89' lang='lat' dir='ltr'>et</span> <span class='ocrx_word' id='word_1_86' title='bbox 720 936 921 991; x_wconf 82' lang='lat' dir='ltr'>contubernales</span> <span class='ocrx_word' id='word_1_87' title='bbox 940 953 1029 1006; x_wconf 89' lang='lat' dir='ltr'>preca·</span> 
     </span>
     <span class='ocr_line' id='line_1_12' title="bbox 162 1016 228 1060; baseline -0.03 0"><span class='ocrx_word' id='word_1_88' title='bbox 162 1016 228 1060; x_wconf 89' lang='lat' dir='ltr'>ntur.</span> 
     </span>
    </p>

    <p class='ocr_par' dir='ltr' id='par_1_7' title="bbox 125 1075 1036 2307">
     <span class='ocr_line' id='line_1_13' title="bbox 162 1075 1029 1146; baseline -0.002 -16"><span class='ocrx_word' id='word_1_89' title='bbox 162 1083 204 1130; x_wconf 79' lang='lat'>41.</span> <span class='ocrx_word' id='word_1_90' title='bbox 222 1077 287 1144; x_wconf 87' lang='lat' dir='ltr'>Rex,</span> <span class='ocrx_word' id='word_1_91' title='bbox 300 1075 388 1128; x_wconf 87' lang='lat' dir='ltr'>delore</span> <span class='ocrx_word' id='word_1_92' title='bbox 400 1075 479 1130; x_wconf 89' lang='lat' dir='ltr'>simul</span> <span class='ocrx_word' id='word_1_93' title='bbox 496 1092 530 1129; x_wconf 89' lang='lat' dir='ltr'>ac</span> <span class='ocrx_word' id='word_1_94' title='bbox 546 1075 646 1146; x_wconf 89' lang='lat' dir='ltr'>pudore</span> <span class='ocrx_word' id='word_1_95' title='bbox 658 1076 760 1146; x_wconf 83' lang='lat' dir='ltr'>anxius,</span> <span class='ocrx_word' id='word_1_96' title='bbox 773 1075 837 1144; x_wconf 84' lang='lat' dir='ltr'>quia</span> <span class='ocrx_word' id='word_1_97' title='bbox 848 1091 929 1128; x_wconf 89' lang='lat' dir='ltr'>causa</span> <span class='ocrx_word' id='word_1_98' title='bbox 940 1081 1029 1128; x_wconf 86' lang='lat' dir='ltr'>tantae</span> 
     </span>
     <span class='ocr_line' id='line_1_14' title="bbox 125 1144 1029 1214; baseline -0.003 -16"><span class='ocrx_word' id='word_1_99' title='bbox 125 1145 214 1199; x_wconf 91' lang='lat' dir='ltr'>cladis</span> <span class='ocrx_word' id='word_1_100' title='bbox 232 1146 287 1213; x_wconf 86' lang='lat' dir='ltr'>ipse</span> <span class='ocrx_word' id='word_1_101' title='bbox 305 1154 383 1214; x_wconf 77' lang='lat' dir='ltr'>esset,</span> <span class='ocrx_word' id='word_1_102' title='bbox 396 1144 430 1198; x_wconf 89' lang='lat' dir='ltr'>ad</span> <span class='ocrx_word' id='word_1_103' title='bbox 450 1144 664 1213; x_wconf 76' lang='lat' dir='ltr'>Phrataphernes</span> <span class='ocrx_word' id='word_1_104' title='bbox 683 1144 889 1212; x_wconf 78' lang='lat' dir='ltr'>Parthyaeorum</span> <span class='ocrx_word' id='word_1_105' title='bbox 909 1156 1029 1212; x_wconf 81' lang='lat' dir='ltr'>satrapen</span> 
     </span>
     <span class='ocr_line' id='line_1_15' title="bbox 127 1213 1036 1284; baseline -0.004 -16"><span class='ocrx_word' id='word_1_106' title='bbox 127 1215 209 1284; x_wconf 84' lang='lat' dir='ltr'>misit,</span> <span class='ocrx_word' id='word_1_107' title='bbox 222 1215 268 1284; x_wconf 90' lang='lat' dir='ltr'>qui</span> <span class='ocrx_word' id='word_1_108' title='bbox 285 1213 389 1283; x_wconf 84' lang='lat' dir='ltr'>juberet</span> <span class='ocrx_word' id='word_1_109' title='bbox 405 1214 515 1267; x_wconf 87' lang='lat' dir='ltr'>camelis</span> <span class='ocrx_word' id='word_1_110' title='bbox 532 1221 607 1266; x_wconf 88' lang='lat' dir='ltr'>cocta</span> <span class='ocrx_word' id='word_1_111' title='bbox 624 1213 725 1267; x_wconf 87' lang='lat' dir='ltr'>cibaria</span> <span class='ocrx_word' id='word_1_112' title='bbox 742 1213 851 1267; x_wconf 86' lang='lat' dir='ltr'>afferre:</span> <span class='ocrx_word' id='word_1_113' title='bbox 870 1213 936 1265; x_wconf 89' lang='lat' dir='ltr'>alios</span> <span class='ocrx_word' id='word_1_114' title='bbox 953 1213 1036 1278; x_wconf 55' lang='lat' dir='ltr'>finiri„</span> 
     </span>
     <span class='ocr_line' id='line_1_16' title="bbox 126 1282 1028 1352; baseline -0.004 -14"><span class='ocrx_word' id='word_1_115' title='bbox 126 1301 233 1338; x_wconf 85' lang='lat' dir='ltr'>marum</span> <span class='ocrx_word' id='word_1_116' title='bbox 251 1284 384 1350; x_wconf 89' lang='lat' dir='ltr'>regionum</span> <span class='ocrx_word' id='word_1_117' title='bbox 403 1282 550 1352; x_wconf 90' lang='lat' dir='ltr'>praefectos</span> <span class='ocrx_word' id='word_1_118' title='bbox 567 1283 691 1336; x_wconf 90' lang='lat' dir='ltr'>certiores</span> <span class='ocrx_word' id='word_1_119' title='bbox 702 1283 868 1336; x_wconf 84' lang='lat' dir='ltr'>necessitatis</span> <span class='ocrx_word' id='word_1_120' title='bbox 880 1299 943 1334; x_wconf 88' lang='lat' dir='ltr'>suae</span> <span class='ocrx_word' id='word_1_121' title='bbox 956 1282 1028 1335; x_wconf 90' lang='lat' dir='ltr'>fecit.</span> 
     </span>
     <span class='ocr_line' id='line_1_17' title="bbox 126 1351 1031 1421; baseline -0.006 -14"><span class='ocrx_word' id='word_1_122' title='bbox 126 1352 187 1407; x_wconf 89' lang='lat' dir='ltr'>Nec</span> <span class='ocrx_word' id='word_1_123' title='bbox 198 1363 332 1406; x_wconf 87' lang='lat' dir='ltr'>cessatum</span> <span class='ocrx_word' id='word_1_124' title='bbox 345 1362 385 1404; x_wconf 89' lang='lat' dir='ltr'>est</span> <span class='ocrx_word' id='word_1_125' title='bbox 397 1351 432 1405; x_wconf 90' lang='lat' dir='ltr'>ab</span> <span class='ocrx_word' id='word_1_126' title='bbox 444 1352 493 1404; x_wconf 89' lang='lat' dir='ltr'>his.</span> <span class='ocrx_word' id='word_1_127' title='bbox 529 1352 622 1421; x_wconf 88' lang='lat' dir='ltr'>ltaque</span> <span class='ocrx_word' id='word_1_128' title='bbox 640 1351 712 1406; x_wconf 89' lang='lat' dir='ltr'>fame</span> <span class='ocrx_word' id='word_1_129' title='bbox 724 1352 872 1405; x_wconf 79' lang='lat' dir='ltr'>drrmtartat³</span> <span class='ocrx_word' id='word_1_130' title='bbox 883 1351 1031 1404; x_wconf 89' lang='lat' dir='ltr'>vindicatus</span> 
     </span>
     <span class='ocr_line' id='line_1_18' title="bbox 127 1421 1031 1502; baseline -0.004 -26"><span class='ocrx_word' id='word_1_131' title='bbox 127 1424 263 1476; x_wconf 80' lang='lat' dir='ltr'>exercitus</span> <span class='ocrx_word' id='word_1_132' title='bbox 281 1421 389 1474; x_wconf 88' lang='lat' dir='ltr'>tandem</span> <span class='ocrx_word' id='word_1_133' title='bbox 406 1421 432 1473; x_wconf 88' lang='lat' dir='ltr'>in</span> <span class='ocrx_word' id='word_1_134' title='bbox 453 1421 592 1474; x_wconf 85' lang='lat' dir='ltr'>Cedrosiae</span> <span class='ocrx_word' id='word_1_135' title='bbox 617 1421 685 1475; x_wconf 87' lang='lat' dir='ltr'>fines</span> <span class='ocrx_word' id='word_1_136' title='bbox 709 1421 869 1502; x_wconf 88' lang='lat' dir='ltr'>perducitur.</span> <span class='ocrx_word' id='word_1_137' title='bbox 905 1421 1031 1474; x_wconf 87' lang='lat' dir='ltr'>Omnium</span> 
     </span>
     <span class='ocr_line' id='line_1_19' title="bbox 127 1490 1036 1560; baseline -0.003 -16"><span class='ocrx_word' id='word_1_138' title='bbox 127 1507 217 1545; x_wconf 87' lang='lat' dir='ltr'>rerum</span> <span class='ocrx_word' id='word_1_139' title='bbox 230 1490 285 1543; x_wconf 87' lang='lat' dir='ltr'>sola</span> <span class='ocrx_word' id='word_1_140' title='bbox 297 1490 390 1542; x_wconf 87' lang='lat' dir='ltr'>fertilis</span> <span class='ocrx_word' id='word_1_141' title='bbox 401 1491 472 1557; x_wconf 89' lang='lat' dir='ltr'>regio</span> <span class='ocrx_word' id='word_1_142' title='bbox 484 1492 543 1556; x_wconf 83' lang='lat' dir='ltr'>est,⁴</span> <span class='ocrx_word' id='word_1_143' title='bbox 554 1491 580 1542; x_wconf 87' lang='lat' dir='ltr'>in</span> <span class='ocrx_word' id='word_1_144' title='bbox 593 1507 645 1559; x_wconf 87' lang='lat' dir='ltr'>qua</span> <span class='ocrx_word' id='word_1_145' title='bbox 662 1500 757 1544; x_wconf 83' lang='lat' dir='ltr'>stativa</span> <span class='ocrx_word' id='word_1_146' title='bbox 768 1490 869 1560; x_wconf 87' lang='lat' dir='ltr'>habuit,</span> <span class='ocrx_word' id='word_1_147' title='bbox 882 1499 910 1543; x_wconf 92' lang='lat' dir='ltr'>ut</span> <span class='ocrx_word' id='word_1_148' title='bbox 922 1498 1036 1543; x_wconf 82' lang='lat' dir='ltr'>vexatos.</span> 
     </span>
     <span class='ocr_line' id='line_1_20' title="bbox 127 1558 1031 1630; baseline -0.003 -16"><span class='ocrx_word' id='word_1_149' title='bbox 127 1561 230 1614; x_wconf 85' lang='lat' dir='ltr'>milites</span> <span class='ocrx_word' id='word_1_150' title='bbox 248 1561 338 1629; x_wconf 88' lang='lat' dir='ltr'>quiete</span> <span class='ocrx_word' id='word_1_151' title='bbox 355 1560 479 1611; x_wconf 90' lang='lat' dir='ltr'>firmaret.</span> <span class='ocrx_word' id='word_1_152' title='bbox 514 1558 564 1610; x_wconf 82' lang='lat' dir='ltr'>llic</span> <span class='ocrx_word' id='word_1_153' title='bbox 580 1559 706 1612; x_wconf 85' lang='lat' dir='ltr'>Leonnati</span> <span class='ocrx_word' id='word_1_154' title='bbox 727 1561 826 1613; x_wconf 83' lang='lat' dir='ltr'>litteras</span> <span class='ocrx_word' id='word_1_155' title='bbox 845 1560 957 1630; x_wconf 89' lang='lat' dir='ltr'>accepit,</span> <span class='ocrx_word' id='word_1_156' title='bbox 970 1575 1031 1612; x_wconf 86' lang='lat' dir='ltr'>cou-</span> 
     </span>
     <span class='ocr_line' id='line_1_21' title="bbox 127 1627 1032 1699; baseline -0.003 -16"><span class='ocrx_word' id='word_1_157' title='bbox 127 1630 231 1683; x_wconf 87' lang='lat' dir='ltr'>flixisse</span> <span class='ocrx_word' id='word_1_158' title='bbox 243 1630 329 1698; x_wconf 90' lang='lat' dir='ltr'>ipsum</span> <span class='ocrx_word' id='word_1_159' title='bbox 342 1645 403 1680; x_wconf 91' lang='lat' dir='ltr'>cum</span> <span class='ocrx_word' id='word_1_160' title='bbox 416 1635 474 1680; x_wconf 88' lang='lat' dir='ltr'>octo</span> <span class='ocrx_word' id='word_1_161' title='bbox 486 1627 721 1697; x_wconf 89' lang='lat' dir='ltr'>milibuspeditum</span> <span class='ocrx_word' id='word_1_162' title='bbox 730 1638 757 1680; x_wconf 89' lang='lat' dir='ltr'>et</span> <span class='ocrx_word' id='word_1_163' title='bbox 765 1630 891 1682; x_wconf 88' lang='lat' dir='ltr'>trecentis</span> <span class='ocrx_word' id='word_1_164' title='bbox 899 1628 1032 1699; x_wconf 90' lang='lat' dir='ltr'>equitibus</span> 
     </span>
     <span class='ocr_line' id='line_1_22' title="bbox 128 1698 1032 1767; baseline -0.001 -15"><span class='ocrx_word' id='word_1_165' title='bbox 128 1700 280 1752; x_wconf 86' lang='lat' dir='ltr'>Horitarum</span> <span class='ocrx_word' id='word_1_166' title='bbox 309 1713 430 1766; x_wconf 88' lang='lat' dir='ltr'>prospero</span> <span class='ocrx_word' id='word_1_167' title='bbox 458 1705 564 1748; x_wconf 86' lang='lat' dir='ltr'>eventu.</span> <span class='ocrx_word' id='word_1_168' title='bbox 611 1699 635 1748; x_wconf 89' lang='lat' dir='ltr'><strong>A</strong></span> <span class='ocrx_word' id='word_1_169' title='bbox 658 1699 764 1749; x_wconf 90' lang='lat' dir='ltr'>Cratero</span> <span class='ocrx_word' id='word_1_170' title='bbox 792 1713 897 1767; x_wconf 89' lang='lat' dir='ltr'>quoque</span> <span class='ocrx_word' id='word_1_171' title='bbox 926 1698 1032 1752; x_wconf 86' lang='lat' dir='ltr'>nuntius</span> 
     </span>
     <span class='ocr_line' id='line_1_23' title="bbox 128 1764 1031 1838; baseline -0.003 -17"><span class='ocrx_word' id='word_1_172' title='bbox 128 1769 210 1838; x_wconf 88' lang='lat' dir='ltr'>venit,</span> <span class='ocrx_word' id='word_1_173' title='bbox 223 1767 322 1821; x_wconf 90' lang='lat' dir='ltr'>Ozinen</span> <span class='ocrx_word' id='word_1_174' title='bbox 341 1774 368 1818; x_wconf 92' lang='lat' dir='ltr'>et</span> <span class='ocrx_word' id='word_1_175' title='bbox 387 1766 544 1834; x_wconf 87' lang='lat' dir='ltr'>Zariaspem,</span> <span class='ocrx_word' id='word_1_176' title='bbox 558 1764 658 1818; x_wconf 89' lang='lat' dir='ltr'>nobiles</span> <span class='ocrx_word' id='word_1_177' title='bbox 674 1766 774 1836; x_wconf 86' lang='lat' dir='ltr'>Persas,</span> <span class='ocrx_word' id='word_1_178' title='bbox 787 1766 966 1819; x_wconf 89' lang='lat' dir='ltr'>defectionem</span> <span class='ocrx_word' id='word_1_179' title='bbox 977 1783 1031 1819; x_wconf 90' lang='lat' dir='ltr'>mo-</span> 
     </span>
     <span class='ocr_line' id='line_1_24' title="bbox 129 1834 1032 1904; baseline -0.004 -13"><span class='ocrx_word' id='word_1_180' title='bbox 129 1838 227 1892; x_wconf 88' lang='lat' dir='ltr'>lientes</span> <span class='ocrx_word' id='word_1_181' title='bbox 249 1853 386 1904; x_wconf 88' lang='lat' dir='ltr'>oppressos</span> <span class='ocrx_word' id='word_1_182' title='bbox 409 1853 424 1887; x_wconf 90' lang='lat' dir='ltr'>a</span> <span class='ocrx_word' id='word_1_183' title='bbox 447 1852 484 1903; x_wconf 86' lang='lat' dir='ltr'>se,</span> <span class='ocrx_word' id='word_1_184' title='bbox 504 1834 529 1886; x_wconf 92' lang='lat' dir='ltr'>in</span> <span class='ocrx_word' id='word_1_185' title='bbox 548 1834 659 1886; x_wconf 89' lang='lat' dir='ltr'>vinculis</span> <span class='ocrx_word' id='word_1_186' title='bbox 681 1851 749 1886; x_wconf 90' lang='lat' dir='ltr'>esse.</span> <span class='ocrx_word' id='word_1_187' title='bbox 787 1834 937 1904; x_wconf 86' lang='lat' dir='ltr'>Praeposito</span> <span class='ocrx_word' id='word_1_188' title='bbox 955 1835 1032 1902; x_wconf 91' lang='lat' dir='ltr'>igitur</span> 
     </span>
     <span class='ocr_line' id='line_1_25' title="bbox 128 1902 1032 1976; baseline -0.006 -15"><span class='ocrx_word' id='word_1_189' title='bbox 128 1907 229 1976; x_wconf 89' lang='lat' dir='ltr'>regioni</span> <span class='ocrx_word' id='word_1_190' title='bbox 248 1906 359 1974; x_wconf 83' lang='lat' dir='ltr'>Sibyrtio</span> <span class='ocrx_word' id='word_1_191' title='bbox 372 1906 499 1976; x_wconf 87' lang='lat' dir='ltr'>(namque</span> <span class='ocrx_word' id='word_1_192' title='bbox 511 1903 609 1956; x_wconf 89' lang='lat' dir='ltr'>Menon</span> <span class='ocrx_word' id='word_1_193' title='bbox 622 1902 770 1972; x_wconf 86' lang='lat' dir='ltr'>praefectus</span> <span class='ocrx_word' id='word_1_194' title='bbox 789 1902 847 1972; x_wconf 82' lang='lat' dir='ltr'>ejus</span> <span class='ocrx_word' id='word_1_195' title='bbox 865 1919 949 1972; x_wconf 91' lang='lat' dir='ltr'>nuper</span> <span class='ocrx_word' id='word_1_196' title='bbox 966 1903 1032 1956; x_wconf 90' lang='lat' dir='ltr'>inte·</span> 
     </span>
     <span class='ocr_line' id='line_1_26' title="bbox 130 1971 1032 2044; baseline -0.004 -14"><span class='ocrx_word' id='word_1_197' title='bbox 130 1978 210 2030; x_wconf 89' lang='lat' dir='ltr'>rierat</span> <span class='ocrx_word' id='word_1_198' title='bbox 228 1975 339 2044; x_wconf 77' lang='lat' dir='ltr'>morbo),</span> <span class='ocrx_word' id='word_1_199' title='bbox 353 1976 379 2027; x_wconf 91' lang='lat' dir='ltr'>in</span> <span class='ocrx_word' id='word_1_200' title='bbox 400 1972 566 2026; x_wconf 86' lang='lat' dir='ltr'>Carmaniam</span> <span class='ocrx_word' id='word_1_201' title='bbox 587 1973 644 2042; x_wconf 89' lang='lat' dir='ltr'>ipse</span> <span class='ocrx_word' id='word_1_202' title='bbox 663 1971 797 2042; x_wconf 88' lang='lat' dir='ltr'>processit.</span> <span class='ocrx_word' id='word_1_203' title='bbox 833 1973 959 2040; x_wconf 88' lang='lat' dir='ltr'>Aspastes</span> <span class='ocrx_word' id='word_1_204' title='bbox 977 1981 1032 2026; x_wconf 83' lang='lat' dir='ltr'>erar</span> 
     </span>
     <span class='ocr_line' id='line_1_27' title="bbox 129 2040 1033 2114; baseline -0.004 -16"><span class='ocrx_word' id='word_1_205' title='bbox 129 2054 251 2114; x_wconf 87' lang='lat' dir='ltr'>satrapes</span> <span class='ocrx_word' id='word_1_206' title='bbox 267 2047 361 2112; x_wconf 90' lang='lat' dir='ltr'>gentis,</span> <span class='ocrx_word' id='word_1_207' title='bbox 375 2053 514 2112; x_wconf 84' lang='lat' dir='ltr'>suspectus</span> <span class='ocrx_word' id='word_1_208' title='bbox 526 2058 568 2093; x_wconf 88' lang='lat' dir='ltr'>res</span> <span class='ocrx_word' id='word_1_209' title='bbox 585 2058 684 2093; x_wconf 89' lang='lat' dir='ltr'>novare</span> <span class='ocrx_word' id='word_1_210' title='bbox 696 2040 817 2109; x_wconf 89' lang='lat' dir='ltr'>voluisse,</span> <span class='ocrx_word' id='word_1_211' title='bbox 830 2040 895 2093; x_wconf 91' lang='lat' dir='ltr'>dum</span> <span class='ocrx_word' id='word_1_212' title='bbox 914 2041 940 2092; x_wconf 90' lang='lat' dir='ltr'>iu</span> <span class='ocrx_word' id='word_1_213' title='bbox 957 2040 1033 2094; x_wconf 89' lang='lat' dir='ltr'>India</span> 
     </span>
     <span class='ocr_line' id='line_1_28' title="bbox 129 2109 1032 2176; baseline -0.008 -8"><span class='ocrx_word' id='word_1_214' title='bbox 129 2131 179 2168; x_wconf 85' lang='lat' dir='ltr'>rex</span> <span class='ocrx_word' id='word_1_215' title='bbox 197 2115 258 2166; x_wconf 82' lang='lat' dir='ltr'>est.⁶</span> <span class='ocrx_word' id='word_1_216' title='bbox 292 2113 379 2172; x_wconf 82' lang='lat' dir='ltr'>Quem</span> <span class='ocrx_word' id='word_1_217' title='bbox 399 2120 588 2176; x_wconf 85' lang='lat' dir='ltr'>occurrentem,</span> <span class='ocrx_word' id='word_1_218' title='bbox 607 2109 771 2163; x_wconf 86' lang='lat' dir='ltr'>dissimulata</span> <span class='ocrx_word' id='word_1_219' title='bbox 789 2109 828 2162; x_wconf 89' lang='lat' dir='ltr'>ira</span> <span class='ocrx_word' id='word_1_220' title='bbox 845 2109 954 2162; x_wconf 89' lang='lat' dir='ltr'>comiter</span> <span class='ocrx_word' id='word_1_221' title='bbox 970 2109 1032 2161; x_wconf 90' lang='lat' dir='ltr'>allo-</span> 
     </span>
     <span class='ocr_line' id='line_1_29' title="bbox 128 2177 1033 2252; baseline -0.006 -15"><span class='ocrx_word' id='word_1_222' title='bbox 128 2193 216 2252; x_wconf 84' lang='lat' dir='ltr'>cutus,</span> <span class='ocrx_word' id='word_1_223' title='bbox 235 2183 299 2236; x_wconf 89' lang='lat' dir='ltr'>dum</span> <span class='ocrx_word' id='word_1_224' title='bbox 318 2180 473 2251; x_wconf 70' lang='lat' dir='ltr'>exploraret⁶</span> <span class='ocrx_word' id='word_1_225' title='bbox 485 2195 554 2249; x_wconf 91' lang='lat' dir='ltr'>quae</span> <span class='ocrx_word' id='word_1_226' title='bbox 572 2179 660 2232; x_wconf 89' lang='lat' dir='ltr'>delata</span> <span class='ocrx_word' id='word_1_227' title='bbox 676 2187 757 2248; x_wconf 87' lang='lat' dir='ltr'>erant,</span> <span class='ocrx_word' id='word_1_228' title='bbox 777 2178 804 2232; x_wconf 88' lang='lat' dir='ltr'>in</span> <span class='ocrx_word' id='word_1_229' title='bbox 822 2178 918 2231; x_wconf 91' lang='lat' dir='ltr'>eodem</span> <span class='ocrx_word' id='word_1_230' title='bbox 935 2177 1033 2232; x_wconf 88' lang='lat' dir='ltr'>honore</span> 
     </span>
     <span class='ocr_line' id='line_1_30' title="bbox 130 2252 233 2307; baseline -0.029 0"><span class='ocrx_word' id='word_1_231' title='bbox 130 2252 233 2307; x_wconf 88' lang='lat' dir='ltr'>habuit.</span> 
     </span>
    </p>

    <p class='ocr_par' dir='ltr' id='par_1_8' title="bbox 127 2316 1035 2800">
     <span class='ocr_line' id='line_1_31' title="bbox 165 2316 1033 2387; baseline -0.006 -12"><span class='ocrx_word' id='word_1_232' title='bbox 165 2327 209 2375; x_wconf 81' lang='lat'>42.</span> <span class='ocrx_word' id='word_1_233' title='bbox 229 2322 296 2374; x_wconf 92' lang='lat' dir='ltr'>Curn</span> <span class='ocrx_word' id='word_1_234' title='bbox 319 2319 381 2372; x_wconf 91' lang='lat' dir='ltr'>inde</span> <span class='ocrx_word' id='word_1_235' title='bbox 404 2317 537 2387; x_wconf 86' lang='lat' dir='ltr'>praefecti,</span> <span class='ocrx_word' id='word_1_236' title='bbox 556 2317 625 2368; x_wconf 90' lang='lat' dir='ltr'>sicut</span> <span class='ocrx_word' id='word_1_237' title='bbox 641 2316 799 2385; x_wconf 88' lang='lat' dir='ltr'>imperatum</span> <span class='ocrx_word' id='word_1_238' title='bbox 823 2327 887 2387; x_wconf 85' lang='lat' dir='ltr'>erat,</span> <span class='ocrx_word' id='word_1_239' title='bbox 906 2331 1033 2386; x_wconf 87' lang='lat' dir='ltr'>equorum</span> 
     </span>
     <span class='ocr_line' id='line_1_32' title="bbox 127 2385 1034 2508; baseline -0.007 -62"><span class='ocrx_word' id='word_1_240' title='bbox 127 2393 363 2474; x_wconf 74' lang='lat' dir='ltr'>jumentorumque</span> <span class='ocrx_word' id='word_1_241' title='bbox 385 2387 522 2457; x_wconf 71' lang='lat' dir='ltr'>jugalium</span> <span class='ocrx_word' id='word_1_242' title='bbox 539 2385 592 2438; x_wconf 88' lang='lat' dir='ltr'>vim</span> <span class='ocrx_word' id='word_1_243' title='bbox 610 2385 743 2453; x_wconf 87' lang='lat' dir='ltr'>ingentem</span> <span class='ocrx_word' id='word_1_244' title='bbox 762 2403 795 2440; x_wconf 87' lang='lat' dir='ltr'>err</span> <span class='ocrx_word' id='word_1_245' title='bbox 810 2389 890 2456; x_wconf 89' lang='lat' dir='ltr'>omui,</span> <span class='ocrx_word' id='word_1_246' title='bbox 903 2401 971 2508; x_wconf 65' lang='lat' dir='ltr'>(puae</span> <span class='ocrx_word' id='word_1_247' title='bbox 983 2385 1034 2440; x_wconf 89' lang='lat' dir='ltr'>sub</span> 
     </span>
     <span class='ocr_line' id='line_1_33' title="bbox 130 2455 1032 2530; baseline -0.007 -16"><span class='ocrx_word' id='word_1_248' title='bbox 130 2461 244 2530; x_wconf 80' lang='lat' dir='ltr'>imperio</span> <span class='ocrx_word' id='word_1_249' title='bbox 256 2469 318 2526; x_wconf 88' lang='lat' dir='ltr'>erat,</span> <span class='ocrx_word' id='word_1_250' title='bbox 332 2457 437 2525; x_wconf 87' lang='lat' dir='ltr'>regione</span> <span class='ocrx_word' id='word_1_251' title='bbox 449 2455 592 2523; x_wconf 86' lang='lat' dir='ltr'>misissent,</span> <span class='ocrx_word' id='word_1_252' title='bbox 605 2455 700 2524; x_wconf 89' lang='lat' dir='ltr'>quibus</span> <span class='ocrx_word' id='word_1_253' title='bbox 710 2455 818 2510; x_wconf 86' lang='lat' dir='ltr'>deerant</span> <span class='ocrx_word' id='word_1_254' title='bbox 834 2457 906 2527; x_wconf 88' lang='lat' dir='ltr'>impe</span> <span class='ocrx_word' id='word_1_255' title='bbox 927 2457 1032 2525; x_wconf 79' lang='lat' dir='ltr'>inventa,</span> 
     </span>
     <span class='ocr_line' id='line_1_34' title="bbox 130 2523 1031 2594; baseline -0.008 -11"><span class='ocrx_word' id='word_1_256' title='bbox 130 2529 255 2585; x_wconf 84' lang='lat' dir='ltr'>restituit.</span> <span class='ocrx_word' id='word_1_257' title='bbox 292 2531 373 2580; x_wconf 88' lang='lat' dir='ltr'>Arma</span> <span class='ocrx_word' id='word_1_258' title='bbox 393 2541 496 2594; x_wconf 90' lang='lat' dir='ltr'>quoque</span> <span class='ocrx_word' id='word_1_259' title='bbox 514 2523 549 2576; x_wconf 91' lang='lat' dir='ltr'>ad</span> <span class='ocrx_word' id='word_1_260' title='bbox 566 2523 704 2592; x_wconf 81' lang='lat' dir='ltr'>pristinum</span> <span class='ocrx_word' id='word_1_261' title='bbox 722 2525 821 2578; x_wconf 88' lang='lat' dir='ltr'>refecta</span> <span class='ocrx_word' id='word_1_262' title='bbox 839 2535 898 2579; x_wconf 92' lang='lat' dir='ltr'>sunt</span> <span class='ocrx_word' id='word_1_263' title='bbox 916 2525 1031 2578; x_wconf 90' lang='lat' dir='ltr'>cultum:</span> 
     </span>
     <span class='ocr_line' id='line_1_35' title="bbox 129 2592 1034 2672; baseline -0.007 -20"><span class='ocrx_word' id='word_1_264' title='bbox 129 2600 231 2672; x_wconf 87' lang='lat' dir='ltr'>quippe</span> <span class='ocrx_word' id='word_1_265' title='bbox 251 2597 320 2649; x_wconf 89' lang='lat' dir='ltr'>haud</span> <span class='ocrx_word' id='word_1_266' title='bbox 334 2595 421 2665; x_wconf 88' lang='lat' dir='ltr'>procul</span> <span class='ocrx_word' id='word_1_267' title='bbox 434 2611 449 2645; x_wconf 90' lang='lat' dir='ltr'>a</span> <span class='ocrx_word' id='word_1_268' title='bbox 462 2593 568 2645; x_wconf 88' lang='lat' dir='ltr'>Perside</span> <span class='ocrx_word' id='word_1_269' title='bbox 580 2593 697 2664; x_wconf 88' lang='lat' dir='ltr'>aberant,</span> <span class='ocrx_word' id='word_1_270' title='bbox 709 2611 760 2646; x_wconf 90' lang='lat' dir='ltr'>non</span> <span class='ocrx_word' id='word_1_271' title='bbox 777 2605 870 2662; x_wconf 88' lang='lat' dir='ltr'>pacata</span> <span class='ocrx_word' id='word_1_272' title='bbox 888 2592 965 2646; x_wconf 90' lang='lat' dir='ltr'>modo</span> <span class='ocrx_word' id='word_1_273' title='bbox 986 2592 1034 2646; x_wconf 85' lang='lat' dir='ltr'>sed</span> 
     </span>
     <span class='ocr_line' id='line_1_36' title="bbox 129 2662 1035 2735; baseline -0.012 -12"><span class='ocrx_word' id='word_1_274' title='bbox 129 2670 215 2723; x_wconf 89' lang='lat' dir='ltr'>etiam</span> <span class='ocrx_word' id='word_1_275' title='bbox 239 2666 372 2735; x_wconf 86' lang='lat' dir='ltr'>opulenta.</span> <span class='ocrx_word' id='word_1_276' title='bbox 416 2663 503 2730; x_wconf 84' lang='lat' dir='ltr'>Igitur,</span> <span class='ocrx_word' id='word_1_277' title='bbox 529 2670 556 2714; x_wconf 92' lang='lat' dir='ltr'>ut</span> <span class='ocrx_word' id='word_1_278' title='bbox 585 2678 664 2731; x_wconf 89' lang='lat' dir='ltr'>supra</span> <span class='ocrx_word' id='word_1_279' title='bbox 691 2662 790 2714; x_wconf 89' lang='lat' dir='ltr'>dictum</span> <span class='ocrx_word' id='word_1_280' title='bbox 813 2673 861 2730; x_wconf 87' lang='lat' dir='ltr'>est,</span> <span class='ocrx_word' id='word_1_281' title='bbox 885 2669 1035 2714; x_wconf 85' lang='lat' dir='ltr'>aemuatus</span> 
     </span>
     <span class='ocr_line' id='line_1_37' title="bbox 129 2728 1034 2800; baseline -0.014 -6"><span class='ocrx_word' id='word_1_282' title='bbox 129 2738 219 2794; x_wconf 88' lang='lat' dir='ltr'>Patris</span> <span class='ocrx_word' id='word_1_283' title='bbox 230 2735 318 2790; x_wconf 88' lang='lat' dir='ltr'>Liberi</span> <span class='ocrx_word' id='word_1_284' title='bbox 335 2749 387 2786; x_wconf 88' lang='lat' dir='ltr'>non</span> <span class='ocrx_word' id='word_1_285' title='bbox 403 2731 513 2800; x_wconf 87' lang='lat' dir='ltr'>gloriam</span> <span class='ocrx_word' id='word_1_286' title='bbox 525 2729 617 2799; x_wconf 90' lang='lat' dir='ltr'>solum,</span> <span class='ocrx_word' id='word_1_287' title='bbox 629 2746 711 2799; x_wconf 84' lang='lat' dir='ltr'>quem</span> <span class='ocrx_word' id='word_1_288' title='bbox 729 2747 763 2784; x_wconf 86' lang='lat' dir='ltr'>ex</span> <span class='ocrx_word' id='word_1_289' title='bbox 780 2729 831 2781; x_wconf 91' lang='lat' dir='ltr'>illis</span> <span class='ocrx_word' id='word_1_290' title='bbox 849 2728 972 2797; x_wconf 89' lang='lat' dir='ltr'>gentibus</span> <span class='ocrx_word' id='word_1_291' title='bbox 988 2729 1034 2782; x_wconf 91' lang='lat' dir='ltr'>de·</span> 
     </span>
    </p>
   </div>
   <div class='ocr_carea' id='block_1_5' title="bbox 127 2817 475 2835">
    <p class='ocr_par' dir='ltr' id='par_1_9' title="bbox 127 2817 475 2835">
     <span class='ocr_line' id='line_1_38' title="bbox 127 2817 475 2835; baseline -0.003 -11"><span class='ocrx_word' id='word_1_292' title='bbox 127 2817 475 2835; x_wconf 45' lang='grc' dir='ltr'>ρ--α-</span> 
     </span>
    </p>
   </div>
   <div class='ocr_carea' id='block_1_6' title="bbox 129 2818 1033 3027">
    <p class='ocr_par' dir='ltr' id='par_1_10' title="bbox 129 2818 1033 3027">
     <span class='ocr_line' id='line_1_39' title="bbox 162 2818 1033 2910; baseline -0.01 -9"><span class='ocrx_word' id='word_1_293' title='bbox 162 2852 234 2900; x_wconf 84' lang='lat' dir='ltr'>¹‘All</span> <span class='ocrx_word' id='word_1_294' title='bbox 250 2860 332 2910; x_wconf 86' lang='lat' dir='ltr'>(every</span> <span class='ocrx_word' id='word_1_295' title='bbox 346 2847 424 2909; x_wconf 84' lang='lat' dir='ltr'>single</span> <span class='ocrx_word' id='word_1_296' title='bbox 440 2818 672 2906; x_wconf 30' lang='lat' dir='ltr'>percont-believing</span> <span class='ocrx_word' id='word_1_297' title='bbox 687 2845 738 2893; x_wconf 90' lang='lat' dir='ltr'>that</span> <span class='ocrx_word' id='word_1_298' title='bbox 755 2844 796 2891; x_wconf 90' lang='lat' dir='ltr'>the</span> <span class='ocrx_word' id='word_1_299' title='bbox 812 2842 904 2891; x_wconf 87' lang='lat' dir='ltr'>further</span> <span class='ocrx_word' id='word_1_300' title='bbox 918 2843 978 2904; x_wconf 85' lang='lat' dir='ltr'>they</span> <span class='ocrx_word' id='word_1_301' title='bbox 993 2843 1033 2892; x_wconf 84' lang='lat' dir='ltr'>ad·</span> 
     </span>
     <span class='ocr_line' id='line_1_40' title="bbox 129 2901 939 2966; baseline -0.016 -5"><span class='ocrx_word' id='word_1_302' title='bbox 129 2911 234 2966; x_wconf 83' lang='lat' dir='ltr'>vauoed,</span> <span class='ocrx_word' id='word_1_303' title='bbox 248 2911 288 2958; x_wconf 90' lang='lat' dir='ltr'>the</span> <span class='ocrx_word' id='word_1_304' title='bbox 299 2923 383 2956; x_wconf 86' lang='lat' dir='ltr'>nearer</span> <span class='ocrx_word' id='word_1_305' title='bbox 395 2907 452 2965; x_wconf 91' lang='lat' dir='ltr'>they</span> <span class='ocrx_word' id='word_1_306' title='bbox 463 2920 525 2952; x_wconf 87' lang='lat' dir='ltr'>were</span> <span class='ocrx_word' id='word_1_307' title='bbox 536 2903 633 2963; x_wconf 89' lang='lat' dir='ltr'>coming</span> <span class='ocrx_word' id='word_1_308' title='bbox 643 2914 668 2950; x_wconf 90' lang='lat' dir='ltr'>to</span> <span class='ocrx_word' id='word_1_309' title='bbox 678 2917 725 2963; x_wconf 86' lang='lat' dir='ltr'>any</span> <span class='ocrx_word' id='word_1_310' title='bbox 734 2903 795 2960; x_wconf 89' lang='lat' dir='ltr'>hope</span> <span class='ocrx_word' id='word_1_311' title='bbox 806 2901 834 2949; x_wconf 90' lang='lat' dir='ltr'>of</span> <span class='ocrx_word' id='word_1_312' title='bbox 845 2901 939 2962; x_wconf 87' lang='lat' dir='ltr'>sufety.&#39;</span> 
     </span>
     <span class='ocr_line' id='line_1_41' title="bbox 161 2959 1033 3027; baseline -0.01 -8"><span class='ocrx_word' id='word_1_313' title='bbox 161 2967 249 3018; x_wconf 73' lang='lat' dir='ltr'>²‘And</span> <span class='ocrx_word' id='word_1_314' title='bbox 260 2969 301 3018; x_wconf 90' lang='lat' dir='ltr'>the</span> <span class='ocrx_word' id='word_1_315' title='bbox 313 2967 391 3027; x_wconf 89' lang='lat' dir='ltr'>image</span> <span class='ocrx_word' id='word_1_316' title='bbox 407 2963 434 3012; x_wconf 91' lang='lat' dir='ltr'>of</span> <span class='ocrx_word' id='word_1_317' title='bbox 447 2962 488 3010; x_wconf 89' lang='lat' dir='ltr'>the</span> <span class='ocrx_word' id='word_1_318' title='bbox 504 2962 625 3021; x_wconf 73' lang='lat' dir='ltr'>culamhy,</span> <span class='ocrx_word' id='word_1_319' title='bbox 638 2961 717 3010; x_wconf 86' lang='lat' dir='ltr'>which</span> <span class='ocrx_word' id='word_1_320' title='bbox 732 2960 872 3009; x_wconf 87' lang='lat' dir='ltr'>threatened</span> <span class='ocrx_word' id='word_1_321' title='bbox 886 2959 1033 3010; x_wconf 77' lang='lat' dir='ltr'>themselves</span> 
     </span>
    </p>
   </div>
   <div class='ocr_carea' id='block_1_7' title="bbox 130 3021 1037 3434">
    <p class='ocr_par' dir='ltr' id='par_1_11' title="bbox 130 3021 624 3086">
     <span class='ocr_line' id='line_1_42' title="bbox 130 3021 624 3086; baseline -0.026 -7"><span class='ocrx_word' id='word_1_322' title='bbox 130 3029 185 3079; x_wconf 86' lang='lat' dir='ltr'>also</span> <span class='ocrx_word' id='word_1_323' title='bbox 196 3045 247 3076; x_wconf 87' lang='lat' dir='ltr'>was</span> <span class='ocrx_word' id='word_1_324' title='bbox 259 3027 374 3086; x_wconf 85' lang='lat' dir='ltr'>hovering</span> <span class='ocrx_word' id='word_1_325' title='bbox 385 3022 466 3071; x_wconf 80' lang='lat' dir='ltr'>before</span> <span class='ocrx_word' id='word_1_326' title='bbox 477 3022 539 3069; x_wconf 88' lang='lat' dir='ltr'>their</span> <span class='ocrx_word' id='word_1_327' title='bbox 549 3021 624 3080; x_wconf 65' lang='lat' dir='ltr'>eyes!</span> 
     </span>
    </p>

    <p class='ocr_par' dir='ltr' id='par_1_12' title="bbox 130 3077 1035 3260">
     <span class='ocr_line' id='line_1_43' title="bbox 161 3077 1035 3210; baseline -0.01 -15"><span class='ocrx_word' id='word_1_328' title='bbox 161 3089 259 3194; x_wconf 62' lang='lat' dir='ltr'>{titt</span> <span class='ocrx_word' id='word_1_329' title='bbox 265 3080 692 3210; x_wconf 63' lang='lat' dir='ltr'>lttttfy‘lttlltlltttttr</span> <span class='ocrx_word' id='word_1_330' title='bbox 702 3077 878 3185; x_wconf 69' lang='lat' dir='ltr'>tttftttrl</span> <span class='ocrx_word' id='word_1_331' title='bbox 889 3082 945 3190; x_wconf 57' lang='lat'>{⁷0⁴⁸}</span> <span class='ocrx_word' id='word_1_332' title='bbox 955 3135 1035 3186; x_wconf 60' lang='lat' dir='ltr'>aare</span> 
     </span>
     <span class='ocr_line' id='line_1_44' title="bbox 130 3199 430 3260; baseline -0.03 -6"><span class='ocrx_word' id='word_1_333' title='bbox 130 3207 154 3254; x_wconf 86' lang='lat' dir='ltr'>is</span> <span class='ocrx_word' id='word_1_334' title='bbox 164 3205 244 3254; x_wconf 87' lang='lat' dir='ltr'>fertile</span> <span class='ocrx_word' id='word_1_335' title='bbox 255 3205 280 3252; x_wconf 92' lang='lat' dir='ltr'>in</span> <span class='ocrx_word' id='word_1_336' title='bbox 290 3202 323 3253; x_wconf 88' lang='lat' dir='ltr'>all</span> <span class='ocrx_word' id='word_1_337' title='bbox 333 3199 430 3260; x_wconf 67' lang='lat' dir='ltr'>things!</span> 
     </span>
    </p>

    <p class='ocr_par' dir='ltr' id='par_1_13' title="bbox 162 3251 948 3315">
     <span class='ocr_line' id='line_1_45' title="bbox 162 3251 948 3315; baseline -0.017 -3"><span class='ocrx_word' id='word_1_338' title='bbox 162 3265 218 3311; x_wconf 80' lang='lat' dir='ltr'>‘As</span> <span class='ocrx_word' id='word_1_339' title='bbox 229 3266 320 3310; x_wconf 78' lang='lat' dir='ltr'>todem</span> <span class='ocrx_word' id='word_1_340' title='bbox 330 3259 390 3308; x_wconf 89' lang='lat' dir='ltr'>with</span> <span class='ocrx_word' id='word_1_341' title='bbox 401 3256 441 3304; x_wconf 90' lang='lat' dir='ltr'>tbe</span> <span class='ocrx_word' id='word_1_342' title='bbox 454 3264 548 3315; x_wconf 88' lang='lat' dir='ltr'>present</span> <span class='ocrx_word' id='word_1_343' title='bbox 560 3264 637 3308; x_wconf 88' lang='lat' dir='ltr'>tense,</span> <span class='ocrx_word' id='word_1_344' title='bbox 649 3266 691 3299; x_wconf 88' lang='lat' dir='ltr'>see</span> <span class='ocrx_word' id='word_1_345' title='bbox 704 3251 784 3302; x_wconf 74' lang='lat' dir='ltr'>orosa</span> <span class='ocrx_word' id='word_1_346' title='bbox 795 3253 809 3305; x_wconf 71' lang='lat' dir='ltr'>b</span> <span class='ocrx_word' id='word_1_347' title='bbox 820 3257 871 3312; x_wconf 81' lang='lat'>332,</span> <span class='ocrx_word' id='word_1_348' title='bbox 884 3263 948 3302; x_wconf 90' lang='lat' dir='ltr'>note.</span> 
     </span>
    </p>

    <p class='ocr_par' dir='ltr' id='par_1_14' title="bbox 160 3310 823 3374">
     <span class='ocr_line' id='line_1_46' title="bbox 160 3310 823 3374; baseline -0.021 -3"><span class='ocrx_word' id='word_1_349' title='bbox 160 3322 230 3370; x_wconf 79' lang='lat' dir='ltr'>‘For</span> <span class='ocrx_word' id='word_1_350' title='bbox 239 3325 295 3369; x_wconf 82' lang='lat' dir='ltr'>dum</span> <span class='ocrx_word' id='word_1_351' title='bbox 305 3318 364 3367; x_wconf 90' lang='lat' dir='ltr'>with</span> <span class='ocrx_word' id='word_1_352' title='bbox 376 3317 417 3365; x_wconf 89' lang='lat' dir='ltr'>the</span> <span class='ocrx_word' id='word_1_353' title='bbox 428 3313 589 3374; x_wconf 77' lang='lat' dir='ltr'>eubJunctive,</span> <span class='ocrx_word' id='word_1_354' title='bbox 602 3326 643 3359; x_wconf 90' lang='lat' dir='ltr'>sce</span> <span class='ocrx_word' id='word_1_355' title='bbox 656 3310 735 3360; x_wconf 81' lang='lat' dir='ltr'>Gmm.</span> <span class='ocrx_word' id='word_1_356' title='bbox 747 3311 761 3363; x_wconf 75' lang='lat' dir='ltr'>i</span> <span class='ocrx_word' id='word_1_357' title='bbox 771 3315 823 3361; x_wconf 74' lang='lat'><strong>856.</strong></span> 
     </span>
    </p>

    <p class='ocr_par' dir='ltr' id='par_1_15' title="bbox 161 3369 1037 3434">
     <span class='ocr_line' id='line_1_47' title="bbox 161 3369 1037 3434; baseline -0.014 -4"><span class='ocrx_word' id='word_1_358' title='bbox 161 3385 169 3410; x_wconf 80' lang='lat'><strong>¹</strong></span> <span class='ocrx_word' id='word_1_359' title='bbox 181 3380 285 3428; x_wconf 80' lang='lat' dir='ltr'>‘Beasts</span> <span class='ocrx_word' id='word_1_360' title='bbox 296 3377 324 3427; x_wconf 87' lang='lat' dir='ltr'>of</span> <span class='ocrx_word' id='word_1_361' title='bbox 335 3374 439 3426; x_wconf 88' lang='lat' dir='ltr'>burthen</span> <span class='ocrx_word' id='word_1_362' title='bbox 455 3371 547 3421; x_wconf 87' lang='lat' dir='ltr'>trained</span> <span class='ocrx_word' id='word_1_363' title='bbox 557 3371 601 3426; x_wconf 83' lang='lat' dir='ltr'>to,’</span> <span class='ocrx_word' id='word_1_364' title='bbox 613 3385 640 3418; x_wconf 89' lang='lat' dir='ltr'>er</span> <span class='ocrx_word' id='word_1_365' title='bbox 652 3369 720 3420; x_wconf 85' lang='lat' dir='ltr'>‘able</span> <span class='ocrx_word' id='word_1_366' title='bbox 730 3380 756 3420; x_wconf 91' lang='lat' dir='ltr'>to</span> <span class='ocrx_word' id='word_1_367' title='bbox 765 3373 823 3420; x_wconf 86' lang='lat' dir='ltr'>bear</span> <span class='ocrx_word' id='word_1_368' title='bbox 832 3372 873 3421; x_wconf 91' lang='lat' dir='ltr'>the</span> <span class='ocrx_word' id='word_1_369' title='bbox 884 3370 965 3432; x_wconf 79' lang='lat' dir='ltr'>yche,’</span> <span class='ocrx_word' id='word_1_370' title='bbox 978 3386 1037 3434; x_wconf 76' lang='lat' dir='ltr'>quaa</span> 
     </span>
    </p>
   </div>
   <div class='ocr_carea' id='block_1_8' title="bbox 131 3441 423 3504">
    <p class='ocr_par' dir='ltr' id='par_1_16' title="bbox 131 3441 423 3504">
     <span class='ocr_line' id='line_1_48' title="bbox 131 3441 423 3504; baseline -0.027 -15"><span class='ocrx_word' id='word_1_371' title='bbox 131 3441 298 3504; x_wconf 74' lang='lat' dir='ltr'>jagamserre</span> <span class='ocrx_word' id='word_1_372' title='bbox 304 3442 423 3499; x_wconf 81' lang='lat' dir='ltr'>poterunt.</span> 
     </span>
    </p>
   </div>
   <div class='ocr_carea' id='block_1_9' title="bbox 0 0 1160 3842">
    <p class='ocr_par' dir='ltr' id='par_1_17' title="bbox 0 0 1160 3842">
     <span class='ocr_line' id='line_1_49' title="bbox 0 0 1160 3842; baseline 0 0"><span class='ocrx_word' id='word_1_373' title='bbox 0 0 1160 3842; x_wconf 95' lang='lat' dir='ltr'> </span> 
     </span>
    </p>
   </div>
  </div>
 </body>
</html>
