2274 3844
524 273 618 312 aranu
638 273 677 313 vr.
1003 260 1057 315 173

143 379 339 449 adoptabimur.
375 381 440 438 Quis
464 397 592 450 proavum
616 381 695 451 hujus
718 381 908 452 Alexandrum,
929 384 988 452 quis
1011 381 1058 436 de·

144 449 206 502 iude
230 450 403 518 Archelaum,
428 453 488 519 quis¹
512 452 668 503 Perdiccam
697 453 800 504 occisos
829 452 900 504 ultus
927 452 986 504 esti
1014 451 1059 505 hio

144 520 252 588 quidem
284 519 498 580 interlectoribus
527 522 608 589 patris
635 521 751 588 ignovit.¹
788 521 860 573 Haec
888 521 1058 589 Hegelochus

143 589 211 641 dixit
236 607 316 660 super
339 591 478 641 coenam22
507 600 534 642 et
558 601 660 660 postero
684 590 727 642 die
751 591 836 660 prima
860 591 919 643 luce
942 608 958 642 a
983 602 1058 660 petre

143 675 273 710 accersor.
310 659 403 711 Tristis
416 669 479 726 erat,
490 670 516 711 et
530 678 572 712 me
584 669 718 712 maestum
728 660 841 712 videbat.
879 660 1058 714 Audieramus

143 729 224 798 enim,
247 745 317 798 quae
341 728 547 782 sollicitudinem
571 730 726 781 incuterent.
765 731 856 798 ltaque
878 741 905 782 ut
926 731 1057 800 experire·

143 815 203 850 mur
222 799 357 851 utrumne³
376 799 436 850 vino
455 809 580 866 gravatus
600 799 738 851 effudisset
761 799 813 867 illa,
831 817 863 851 an
885 800 977 852 altiore
997 817 1057 852 cou-

143 875 222 937 cepta
240 868 359 937 consilio,
379 868 481 920 accersi
499 885 560 919 eum
580 869 688 937 placuit.
724 869 818 920 Venit:
839 868 986 937 eodemque
1005 887 1070 924 sen.

142 955 222 990 mone
242 939 310 989 ultro
329 937 440 1006 repetito
458 935 564 1005 adjecit,
578 955 615 1006 se,
635 939 692 990 sive
710 939 871 991 auderemus
888 938 972 990 duces
988 956 1056 1007 esse,

142 1009 279 1075 proximas
297 1025 312 1058 a
331 1007 407 1059 nobis
425 1019 513 1076 partes
526 1007 730 1076 vindicaturum,
744 1008 801 1059 sive
819 1006 925 1059 deesset
943 1008 1056 1077 animus,

142 1077 287 1129 consilium
312 1076 417 1128 silentio
438 1093 496 1128 esse
521 1086 661 1130 tecturam.
700 1076 866 1129 Parmenioni
887 1077 948 1128 vivo
968 1077 1058 1130 adhuc

142 1145 229 1198 Dareo
242 1147 433 1216 intempestiva
452 1163 494 1198 res
506 1147 660 1198 videbatur:
680 1163 730 1198 nou
750 1147 822 1198 enim
841 1145 900 1216 sibi,
914 1147 960 1198 sed
980 1146 1056 1214 hosti,

142 1233 204 1268 esse
222 1216 357 1268 occisuros
375 1216 572 1268 Alexandrum:
593 1217 678 1268 Dareo
697 1233 758 1266 vero
777 1216 888 1284 sublato,
908 1220 1056 1284 praemium

142 1286 214 1353 regis
235 1285 320 1337 occisi
341 1285 435 1338 Asiam
457 1295 483 1337 et
504 1294 588 1337 totum
609 1285 743 1339 Orientem
765 1285 978 1337 interlectoribus
998 1302 1057 1337 esse

141 1357 272 1407 cessura.⁴
307 1355 510 1424 Approbatoque
524 1355 640 1423 consilio,
654 1355 680 1407 iu
695 1354 761 1406 haec
774 1354 841 1406 fides
858 1365 884 1406 et
902 1354 964 1406 data
977 1364 1017 1406 cst
1030 1365 1057 1408 et

142 1434 263 1493 accepta.
300 1423 376 1483 Quod
388 1425 422 1476 ad
437 1425 562 1476 Dimnum
575 1427 695 1494 pertinet,
709 1423 774 1476 nihil
791 1425 852 1491 scio,
867 1435 892 1476 et
911 1424 978 1484 haec
997 1441 1057 1476 con·

142 1495 232 1546 sessus
256 1494 373 1562 intelligo
398 1511 447 1545 non
472 1495 596 1562 prodesse
621 1494 693 1562 mihi,
719 1495 787 1562 quod
814 1495 924 1563 proximi
950 1493 1058 1546 sceleris

142 1580 241 1632 expers
260 1579 327 1616 sum.
364 1563 405 1616 Illi
424 1581 512 1615 rursus
531 1565 669 1618 tormentis
687 1563 808 1631 admotis,
829 1581 890 1616 curu
910 1564 975 1632 ipsis
994 1579 1057 1632 quo·

141 1649 195 1702 que
209 1633 292 1687 hastis
305 1650 334 1686 os
346 1632 488 1701 oculosque
508 1633 567 1703 ejus
585 1633 777 1700 everberarent,
791 1651 953 1702 expressere,
968 1642 995 1685 ut
1008 1633 1058 1685 hoc

141 1718 249 1771 quoque
262 1704 363 1756 crimen
376 1702 553 1758 confiteretur.
591 1703 766 1769 Exigentibus
777 1701 882 1770 deinde,
897 1713 925 1755 ut
938 1703 1058 1754 ordinem

142 1773 251 1839 cogitati
272 1773 381 1823 sceleris
397 1781 547 1840 exponeret,
561 1789 624 1824 cum
641 1773 686 1823 diu
705 1771 797 1823 Bactra
816 1781 948 1824 retentura
967 1788 1058 1838 regem

142 1842 304 1908 viderentur,
325 1841 446 1893 timuisse
467 1841 608 1910 respondit,
630 1858 662 1892 ne
683 1851 757 1909 pater
777 1841 845 1893 LXX
866 1851 944 1894 natus
966 1857 1057 1910 annos,

142 1911 211 1962 tanti
232 1911 364 1963 exercitus
387 1910 449 1979 dux,
472 1920 560 1962 tantae
581 1909 710 1979 pecuniae
731 1920 826 1979 eustos,
848 1911 953 1962 interim
975 1911 1058 1962 extin-

141 1989 276 2050 gueretur,
302 1980 415 2050 ipsique,
439 1979 551 2048 spoliato
579 1980 658 2031 tantis
685 1978 794 2046 viribus,
819 1979 960 2031 occidendi
988 1979 1058 2046 regis

142 2051 236 2102 oausa⁵
260 2067 310 2101 non
334 2057 413 2101 esset.
450 2049 600 2102 Festinasse
625 2065 686 2116 ergo
710 2065 746 2116 se,
771 2047 836 2100 dum
859 2048 1008 2118 praemium
1032 2049 1059 2101 in

141 2119 269 2172 manibus
295 2119 411 2187 haberet,
437 2118 645 2187 repraesentare⁶
672 2117 820 2186 consilium,
850 2117 927 2186 cujus
956 2126 1057 2185 patrem

143 2198 283 2258 expertem
305 2187 388 2240 fuisse
412 2188 460 2239 nisi
483 2189 629 2256 crederent,
656 2197 791 2257 tormenta,
816 2203 979 2256 quamquam
1002 2185 1058 2256 jem

143 2258 257 2310 tolerare
276 2274 326 2309 non
345 2265 441 2326 posset,
455 2266 544 2309 tamen
558 2274 609 2309 non
628 2275 758 2310 recusare.
795 2257 837 2310 llll
854 2256 977 2309 collocuti
995 2257 1060 2310 satis

144 2327 297 2397 quaesitum
312 2327 403 2396 videri,
417 2344 449 2378 ae
463 2343 552 2394 regem
567 2338 739 2380 revertuntur.
1075 2337 1079 2352 ¹

180 2403 222 2450 44.
241 2397 294 2454 Qui
306 2407 409 2466 postero
421 2395 464 2450 die
477 2406 504 2448 et
517 2413 585 2465 quae
598 2395 735 2449 confessus
748 2408 802 2448 erat
815 2396 934 2450 Philotas
946 2397 1057 2466 recitari,

144 2475 174 2518 et
196 2467 293 2534 ipsum,
315 2467 377 2534 quia
401 2466 502 2533 ingredi
526 2483 577 2518 uon
601 2476 709 2536 poterat,
729 2467 807 2536 jussit
830 2467 927 2520 afferri.
963 2466 1059 2520 Omnia

144 2545 307 2604 agnoscente
319 2553 359 2604 eo,
374 2536 532 2602 Demetrius,
546 2537 590 2605 qui
604 2537 716 2606 proximi
734 2537 843 2589 sceleris
855 2538 986 2606 particeps
999 2553 1058 2588 esse

144 2604 314 2674 arguebatur,
334 2604 493 2674 producitur.
530 2605 617 2658 Multa
639 2607 815 2658 affirmatione
835 2607 971 2674 animique
991 2605 1058 2674 pari·

146 2684 186 2727 ter
207 2675 354 2727 constantia
374 2684 400 2726 et
420 2674 510 2727 vultus
528 2675 657 2744 abnuens,
679 2677 823 2745 quicquam
846 2674 898 2727 sibi
923 2676 948 2726 in
968 2689 1059 2740 regem

145 2745 293 2813 cogitatum
312 2760 380 2812 esse,
394 2752 524 2796 tormenta
543 2745 624 2798 etiam
641 2745 804 2814 deposcebat
822 2745 848 2794 in
866 2743 1056 2811 semetipsum:

147 2831 211 2867 cum
224 2814 350 2880 Philotas,
364 2813 527 2866 circumlatis
539 2815 631 2882 oculis,
646 2829 673 2866 ut
692 2813 809 2866 incidere
828 2813 855 2862 in
873 2811 946 2863 Calin
966 2828 1058 2879 quem-

145 2883 211 2936 dam
223 2882 295 2936 haud
308 2882 399 2950 procul
411 2893 533 2953 stantem,
544 2885 650 2953 propius
662 2901 723 2935 eum
736 2881 814 2950 jussit
827 2879 976 2936 accedere.⁷
1009 2879 1058 2932 Illo

176 3003 258 3052 ¹This
273 3019 317 3051 can
333 3002 395 3050 refer
410 3004 467 3064 only
482 3015 508 3052 to
524 3005 575 3052 that
592 3003 671 3051 which
687 3003 708 3051 is
724 3001 815 3049 related
832 3001 880 3057 (vii.
894 3005 915 3056 i)
931 3001 1058 3064 regarding

146 3061 289 3153 Alexander
301 3063 444 3143 Lyncestes.

175 3186 185 3210 ²
195 3121 251 3228 Slehu
253 3123 356 3237 pppglprp
358 3137 434 3230 lil'35
443 3122 640 3238 ,azemzpnppbp'
645 3126 696 3236 3123..
705 3189 761 3226 note
771 3182 785 3248 ι1
795 3195 801 3237 ;
818 3179 865 3230 aud
876 3184 928 3252 353,
941 3189 997 3229 note
1008 3183 1030 3229 4.

176 3239 219 3288 ‘lt
235 3240 313 3308 might
329 3239 381 3288 also
395 3240 457 3288 have
473 3243 534 3288 been
550 3256 677 3295 cessurum,
695 3237 811 3300 referring
826 3249 851 3288 to
871 3239 998 3297 Orientem,
1016 3238 1058 3289 the

144 3299 742 3440 nepke'gplisvuatpeelctrmaranegas:poppittfflti,ypptea
756 3355 855 3408 definite
871 3374 898 3406 or
912 3359 1058 3418 practicable

144 3417 550 3545 plaprircratjrrppgttrqrgpeogstion,
573 3537 579 3547 ὁ
993 3537 997 3547 Ι

175 3539 183 3564 ’
193 3535 250 3585 The
261 3545 427 3585 construction
434 3551 463 3594 rs,
474 3535 607 3584 Demetrrus
616 3539 746 3599 deposcebat
754 3543 877 3592 tormenta,
887 3551 939 3584 cum
949 3534 1057 3584 Ptrlotcs
