2274 3844
434 240 526 280 ursan
546 240 610 280 vrrr.
920 223 978 281 227

64 351 120 406 fers
138 351 177 420 lit,
200 350 343 404 immodico
366 350 456 402 labore
475 348 608 402 vincente.
653 348 710 401 Rex
732 355 832 418 tamen,
854 347 978 470 supynde¹

65 439 147 491 equos
179 432 293 488 mutans,
318 420 374 472 sins
399 419 593 472 intermissione
617 418 750 486 fugientes
778 419 890 487 inseque
910 427 977 471 atur.

64 491 176 546 Nobiles
187 489 301 558 juvenes
312 490 431 555 comitari
444 506 507 541 eum
520 487 590 541 soliti
599 487 752 540 defecerant
764 499 869 556 praeter
880 487 978 557 Philip·

64 578 138 631 pom.
176 559 331 628 Lysimachi
350 568 406 614 erat
422 558 510 626 frater,
523 567 581 611 tum
599 557 714 628 primum
733 557 847 624 adultus,
861 565 894 626 et,
908 556 979 626 quod

62 630 143 684 faoile
161 629 321 698 appareret,2
339 628 432 682 indolis
449 645 532 680 rarae.
568 629 594 680 Is
610 627 703 696 pedes,
722 627 879 680 incredibile
897 627 978 698 dictu,

62 717 110 771 per
122 701 147 752 D
159 699 247 752 stadia
255 707 365 752 vectum
377 715 468 766 regem
480 698 622 751 comitatus
634 706 681 765 est,
695 713 777 766 saepe
789 713 888 765 equum
901 714 977 750 suurn

62 769 193 824 offerente
206 768 376 837 Lysimacho,
390 785 440 820 neo
458 778 548 820 tamen
568 778 596 820 ut
609 767 818 834 digrederetura
832 783 893 834 rege
906 767 979 832 edlioi

62 839 156 910 potuit,
170 856 235 890 cum
253 838 335 890 lorica
353 837 461 890 indutus
481 855 555 889 arma
573 837 710 905 gestaret.³
744 835 828 904 Idem,
841 853 903 888 cum
921 853 979 904 per-

61 921 177 962 ventum
195 915 266 960 esset
284 908 311 959 iu
329 906 433 974 saltum,
448 908 473 959 in
492 924 544 976 quo
563 925 592 958 se
611 906 715 960 barbari
728 905 892 974 abdiderant,
906 905 978 959 nobi·

61 979 118 1031 lem
138 978 224 1030 edidit
244 994 369 1046 pugnarn,
391 993 535 1046 regemque
556 977 706 1029 comminus
726 992 788 1028 curn
808 975 882 1028 hoste
902 975 979 1028 dimi·

62 1055 175 1101 cantem
198 1048 320 1116 protexit.
367 1046 419 1099 Sed
443 1059 582 1116 postquam
606 1044 710 1099 barb'ari
734 1045 762 1098 in
785 1047 874 1113 lugam
900 1045 980 1098 effusi

61 1117 209 1170 deseruere
228 1117 316 1185 silvas,
335 1119 448 1185 animus,
467 1118 514 1185 qui
533 1117 557 1168 in
576 1116 669 1168 ardore
687 1131 792 1184 pugnae
810 1131 906 1184 corpus
923 1131 979 1167 sus·

61 1195 222 1252 tentaverat,
243 1187 319 1254 liquit
328 1190 346 1254 ,⁴
369 1187 508 1255 subitoque
527 1203 562 1238 ex
581 1186 704 1238 omnibus
723 1185 853 1241 membris
875 1184 980 1252 profuso

62 1257 170 1325 sudore,
183 1255 284 1308 arboris
301 1257 437 1325 proximae
457 1256 536 1325 stipiti
556 1273 584 1308 se
602 1255 737 1324 applicuit.
774 1255 878 1308 Deinde
890 1272 923 1308 ne
936 1253 980 1306 illo

61 1327 176 1396 quidem
196 1325 358 1378 adminiculo
378 1326 531 1394 sustinente,
553 1326 676 1379 manibus
697 1325 765 1393 regis
784 1334 912 1394 exceptus
931 1332 978 1392 est,

62 1398 131 1449 iuter
143 1413 212 1464 ques
225 1395 356 1464 collapsus
367 1396 533 1463 extinguitur.
570 1397 707 1450 Maestum
726 1411 817 1464 regem
828 1395 896 1447 alins
908 1393 980 1446 haud

62 1467 132 1519 levis
156 1465 230 1517 dolor
251 1467 365 1534 excepit.
415 1467 539 1534 Erigyius
562 1466 629 1518 inter
652 1465 737 1518 claros
764 1467 849 1518 duces
876 1462 980 1533 suerat,

62 1553 145 1606 quem
177 1535 338 1589 exstinctum
368 1552 435 1604 esse,
465 1535 544 1604 paulo
573 1547 716 1604 antequam
746 1543 923 1588 reverteretur
952 1535 979 1588 in

61 1607 161 1658 eastra⁵
191 1603 322 1671 cognorit.
364 1605 508 1674 Utriusque
535 1605 615 1660 surius
643 1605 715 1658 orani
742 1615 869 1676 apparatu
898 1613 980 1674 atque

61 1675 161 1728 honore
174 1673 340 1729 celebratum
352 1685 401 1728 est.

99 1751 140 1797 11.
160 1743 252 1798 Dahas
280 1745 377 1798 deinde
406 1752 531 1798 statuerat
560 1755 666 1813 petere:
694 1743 730 1796 ibi
754 1761 870 1813 namque
896 1744 979 1814 Spita·

59 1831 173 1868 menem
187 1831 248 1868 esse
260 1823 423 1882 cognoverat.
460 1814 511 1867 Sed
528 1815 713 1882 huncquoque
731 1813 936 1882 expeditionem,
950 1823 980 1866 ut

60 1885 192 1956 pleraque
209 1885 270 1953 alia,
289 1887 392 1937 lortuna
409 1884 570 1952 indulgendo
588 1883 624 1936 ei⁶
640 1899 776 1952 nunquam
797 1884 913 1952 fatigata,
933 1899 979 1952 pro

59 1957 176 2009 absente
207 1956 341 2022 transegit.
394 1954 560 2023 Spitamenes
590 1953 679 2005 uxoris
715 1953 858 2005 immodico
888 1969 978 2005 amore

60 2025 210 2094 flagrabat5
228 2041 310 2092 quam
321 2039 400 2092 aegre
418 2023 508 2092 fugam
528 2038 554 2076 et
573 2039 640 2076 nova
653 2022 764 2076 subinde
778 2023 980 2076 exilia—toleran-

60 2105 117 2148 tem
139 2096 165 2148 in
185 2111 265 2146 omne
283 2093 427 2146 discrimen
444 2094 571 2146 eomitem
589 2093 717 2145 trahebat.
755 2093 803 2144 Illa
821 2092 900 2145 malis
918 2092 979 2146 fati·

59 2175 124 2234 gata
148 2164 308 2218 identidem⁷
331 2164 476 2216 muliebres
494 2162 623 2216 adhibere
647 2161 796 2231 blanditias,
818 2171 847 2215 ut
870 2162 979 2216 tandem

60 2235 154 2303 fugam
177 2235 290 2302 sisteret,
307 2235 465 2302 victorisque
485 2233 628 2285 Alexandri
649 2231 824 2284 clementiam
844 2242 977 2302 expertus,

28 2350 33 2354 .
60 2305 182 2374 placaret
194 2320 275 2372 quem
289 2303 408 2370 effugere
427 2319 478 2356 non
490 2312 588 2371 posset.
624 2303 690 2355 Tres
707 2301 792 2354 adulti
810 2314 884 2355 erant
902 2303 979 2356 liberi

59 2391 94 2428 ex
106 2391 139 2426 eo
151 2373 236 2441 geniti
245 2373 263 2424 :⁸
280 2389 346 2440 quos
363 2389 424 2426 cum
437 2371 537 2442 pectori
555 2372 636 2441 patris
653 2373 823 2441 admovisset,
837 2383 864 2426 ut
883 2371 979 2426 saltem

56 2461 155 2496 eorum
182 2442 303 2495 misereri
326 2443 415 2511 vellet,
440 2443 545 2509 orabat3
575 2449 601 2493 et
625 2459 678 2511 qno
701 2443 866 2496 efficaciores
889 2455 978 2496 essent

59 2531 163 2583 preces,
189 2511 260 2564 haud
285 2512 374 2580 procul
402 2521 458 2564 erat
481 2511 640 2564 Alexander.
687 2513 735 2566 llle
761 2531 792 2566 se
820 2513 901 2583 prodi,
926 2531 978 2566 non

59 2585 164 2636 moneri
184 2591 263 2650 ratus,
277 2589 304 2634 et
321 2581 422 2633 formae
441 2581 557 2650 prolecto
576 2582 675 2635 fiducia
693 2600 791 2653 cupere
810 2601 871 2636 eam
884 2589 978 2652 quam·

58 2653 179 2723 primum
213 2651 277 2704 dedi
305 2651 463 2720 Alexandro,
492 2652 630 2705 acinacem
664 2653 775 2721 strinxit,
806 2669 979 2721 percussurus

208 2751 213 2754 Δ
222 2751 230 2754 .
242 2747 972 2756 „DQ-⁶*

87 2799 95 2822 ¹
109 2792 201 2839 ‘From
214 2791 271 2838 time
282 2800 308 2838 to
319 2790 393 2838 time)

85 2857 97 2882 ³
110 2857 116 2878 ⁶
126 2851 220 2898 Which
229 2849 307 2909 might
316 2850 392 2910 easily
400 2851 431 2898 be
439 2850 535 2898 cuidant
543 2851 559 2908 ;’
573 2848 679 2909 hemely,
689 2848 710 2896 il
717 2863 765 2908 you
774 2846 822 2895 had
830 2848 893 2894 been
901 2846 977 2896 there.

59 2911 116 3000 &³³⁶
123 2911 208 3022 gilienh
218 2909 318 3016 beffiae
329 2967 367 3015 his
374 2983 481 3038 ¹armour,
494 2968 524 3016 he
534 2967 624 3017 carried
634 2967 673 3014 his
683 2965 764 3014 arms!

87 3034 97 3057 ⁴
108 3027 259 3094 Equrvalent
270 3038 295 3074 to
306 3029 395 3134 ἀείραι.

88 3088 139 3135 ‘In
151 3088 193 3134 the
205 3085 324 3134 drstrieto
351 3086 469 3134 Nautaca.

86 3153 95 3178 ⁸
110 3147 154 3193 ‘ln
166 3145 292 3213 indulging
301 3145 368 3194 him!
400 3145 507 3194 Fortuna
516 3145 575 3194 took
582 3145 623 3193 the
634 3151 723 3193 matter
729 3142 781 3192 into
787 3143 831 3195 her
837 3159 893 3194 own
901 3145 976 3203 hand,

58 3207 106 3294 anyl
117 3203 225 3312 hyrished
236 3214 289 3312 iilm
300 3205 337 3252 his
349 3206 460 3254 absence.

110 3271 116 3291 ‘
151 3279 238 3311 eene
284 3265 298 3311 .’
746 3275 749 3282 '

86 3324 138 3372 'ln
150 3279 255 3384 liiiiglish
267 3279 304 3370 ire
316 3323 392 3383 speak
402 3323 430 3370 ol
443 3321 550 3370 children
559 3321 631 3382 being
642 3323 703 3370 born
716 3323 763 3371 ‘to'
776 3324 819 3374 the
829 3324 916 3380 father,
930 3323 977 3372 and

60 3383 114 3432 ‘os'
136 3383 180 3430 the
199 3382 302 3430 mother.
333 3382 363 3430 In
382 3382 454 3430 Latin
467 3382 577 3430 likewise
594 3399 621 3428 aa
635 3381 655 3430 i·
671 3384 768 3444 usually
783 3382 879 3444 applied
894 3392 919 3430 to
935 3383 976 3432 the

58 3442 172 3498 mother;
190 3443 235 3489 but
250 3441 318 3489 there
329 3457 369 3489 are
381 3457 395 3488 a
406 3441 453 3490 few
463 3442 584 3488 instances
595 3441 620 3490 in
631 3441 719 3500 which,
733 3459 760 3491 as
775 3443 842 3500 bere,
855 3444 874 3492 it
885 3442 905 3490 is
916 3442 978 3492 used

57 3503 87 3554 of
99 3501 142 3551 the
154 3501 240 3550 lether.
272 3501 319 3548 See
331 3500 429 3560 Zumpt,
442 3500 519 3558 §aaa
531 3510 595 3550 note.
