2278 3846
479 255 571 296 araim
590 257 630 297 ir.
970 244 1009 302 88

91 359 205 432 quidem
218 361 306 415 habeo
315 363 417 433 renale,
428 363 475 417 sed
488 363 621 418 fortunam
633 381 722 420 meam
731 366 832 439 utique¹
843 383 895 422 noii
904 366 1007 422 vendo:

90 433 216 502 captivos
229 431 251 483 si
264 431 352 502 placet
365 433 447 502 reddi,
461 433 596 488 honestius
608 434 675 487 dono
687 435 818 504 dabimus,
831 453 913 506 quam
925 438 1009 508 pretio

90 501 274 555 remittemus.
317 502 472 558 Introductis
495 503 592 556 deinde
615 503 718 574 legatia,
742 505 777 558 ad
804 507 874 560 huno
897 507 1008 560 modum

90 571 247 640 respondit:
270 571 395 624 Nuntiate
417 573 509 642 Dareo,
529 589 582 641 me,
601 590 669 643 quae
689 573 798 628 fecerim
816 575 962 629 clementer
980 583 1007 630 et

90 640 248 710 liberaliter,
267 658 318 694 non
336 641 473 696 amicitiae
492 642 551 711 ejus
571 643 701 712 tribuisse,
720 644 768 697 sed
789 653 898 698 naturae
918 661 1006 699 meae.

90 709 199 762 Bellum
218 727 281 764 cum
300 712 413 780 captivis
431 720 457 764 et
474 710 582 764 seminis
598 729 690 780 gerere
709 730 759 766 non
779 714 865 766 soleo:
888 727 1010 782 armatus¹

91 781 124 832 sit
144 787 258 848 oportet,
276 797 358 850 quem
376 781 486 834 oderim.
522 781 621 840 Quodsi
639 782 735 836 saltem
788 799 849 836 cem
866 783 934 836 bona
952 784 1006 838 fide

91 858 202 918 peteret,
221 849 398 903 deliberarem
417 849 532 920 forsitan,
553 867 585 902 an
604 851 706 905 darem.
767 869 842 905 erum
861 853 1005 923 enimvero,

92 936 153 971 cum
167 918 248 971 modo
261 919 361 972 milites
373 937 450 973 meos
460 920 553 976 litteris
565 919 599 972 ad
616 921 799 989 proditionem,
813 921 891 974 modo
906 923 1007 976 amieos

92 989 124 1040 ad
138 989 289 1056 perniciem
301 1006 390 1042 ineam
403 989 517 1059 pecunia
530 989 661 1058 solliciter,
674 990 708 1043 ad
722 991 929 1044 internecionem
942 991 1008 1045 inibi

92 1059 295 1126 persequendus
307 1067 355 1128 est,
369 1075 420 1112 nori
432 1070 460 1112 ut
477 1059 564 1129 justus
576 1058 663 1129 hostis,
678 1059 725 1114 sed
738 1068 766 1113 ut
778 1075 916 1139 percussor
928 1077 1008 1113 vene·

92 1127 167 1180 ficus.
205 1127 381 1182 Condiciones
393 1146 454 1181 vero
466 1128 549 1198 pacis,
562 1145 629 1197 quas
644 1129 745 1182 affertis
762 1146 785 1182 sr
802 1145 939 1198 accepero,
953 1131 1007 1182 vic-

93 1208 175 1249 torem
195 1215 259 1250 eum
278 1197 397 1251 faciunt.⁹
431 1198 506 1257 Quae
527 1209 585 1267 post
606 1199 760 1268 Euphraten
777 1205 846 1267 sunt,
865 1197 1009 1252 liberaliter

92 1264 181 1319 donat.
216 1267 266 1320 Ubi
281 1269 359 1336 igitur
372 1284 415 1320 me
427 1267 565 1320 affamini?
580 1285 677 1336 nempe
690 1267 757 1320 ultra
771 1267 924 1339 Euphraten
937 1283 1006 1322 eum.

93 1333 236 1390 Summum
260 1354 321 1406 ergo
345 1339 414 1390 dotis
437 1355 518 1406 quam
537 1336 663 1406 pmmittit
683 1337 825 1391 terminum
843 1345 929 1390 castra
947 1355 1008 1390 mea

90 1399 238 1458 transeunt.
277 1407 344 1460 ilino
362 1425 405 1460 me
424 1405 558 1486 depellite,
579 1416 607 1460 ut
625 1407 709 1460 sciam
726 1415 844 1460 vestrum
863 1421 931 1476 esse,
944 1408 1008 1476 quo⁸

91 1475 196 1528 ceditis.
243 1475 348 1530 Eadem
364 1476 523 1530 liberalitate
541 1475 586 1528 dat
606 1476 671 1529 mihi
690 1475 772 1530 filiam
790 1493 884 1530 suam:
909 1493 1006 1546 nempe
1054 1500 1056 1504 ¹

90 1561 173 1614 quam
195 1547 251 1598 seio
269 1545 349 1600 alicui
369 1561 505 1598 serrorum
525 1544 583 1614 ejus
603 1547 765 1616 nupturam.⁴
806 1545 924 1599 Multum
944 1562 1007 1598 vero

91 1613 159 1667 mihi
179 1623 305 1684 praestat,
321 1619 342 1668 si
360 1633 403 1668 me
422 1616 535 1670 Mazaeo
547 1632 676 1685 generum
689 1616 842 1686 praeponit!
880 1617 926 1684 lte,
940 1632 1007 1668 nun·
1071 1635 1074 1642 ⁴

91 1684 156 1736 tiate
170 1686 226 1752 regi
234 1693 330 1754 vestro,
342 1695 369 1738 et
381 1703 448 1755 quae
461 1684 557 1754 amisit,
568 1694 595 1738 et
607 1701 676 1754 quae
687 1685 777 1738 adhuc
789 1684 877 1754 habet,
887 1685 1006 1756 praemia

90 1769 151 1806 esse
167 1753 245 1806 belli:
266 1754 316 1807 hoc
329 1763 437 1823 regente
449 1753 585 1822 utriusque
598 1755 725 1807 terminos
737 1754 816 1822 regni,
831 1754 857 1807 id
871 1771 951 1823 quem
972 1771 1006 1806 ue

90 1821 255 1892 habiturum,
269 1823 340 1893 quod
354 1823 488 1894 proximae
501 1824 568 1877 lucis
578 1825 743 1891 assignatum
755 1823 858 1876 fortuna
870 1833 919 1875 est.
953 1771 1006 1875 ite-

88 1895 143 1960 gari
159 1894 327 1962 responderit,
339 1911 401 1946 cum
416 1893 514 1948 bellum
528 1894 656 1946 inanimo
672 1895 713 1966 eit,
728 1891 815 1944 facete
828 1909 890 1944 eum
906 1891 1005 1961 simpli-

1 1985 2 1990 *
88 1963 163 2028 citer,
175 1963 244 2032 quod
258 1981 305 2032 spe
318 1965 391 2033 pacis
403 1981 452 2016 non
467 1963 640 2016 frustraretur.
678 1962 751 2031 Ipsos
762 1970 860 2031 petere,
876 1972 902 2014 ut
915 1978 1006 2030 quam-

88 2033 208 2101 primum
227 2031 391 2086 dimittantur
409 2032 443 2085 ad
463 2049 568 2101 regem:
590 2048 653 2085 euni
670 2047 774 2102 qnoque
793 2028 894 2084 bellum
912 2047 1005 2100 parare

88 2100 198 2154 debere.
237 2103 346 2156 Dimissi
359 2103 487 2172 nuntiant,
500 2101 596 2154 adesse
609 2111 755 2156 certamen.

123 2177 168 2224 45.
189 2171 237 2224 lile
254 2171 363 2241 quidem
381 2172 522 2225 confestim
539 2171 682 2226 Mazaeum
702 2187 764 2224 cum
785 2169 868 2223 tribus
882 2169 1004 2238 equitum

88 2241 200 2295 milibus
224 2243 257 2294 ad
283 2243 384 2310 itinera,
409 2245 479 2312 quae
504 2241 586 2295 hostis
609 2242 739 2311 petiturus
762 2248 825 2310 erat,
849 2237 1005 2309 occupanda

87 2311 236 2379 praemisit.
273 2312 431 2382 Alexander,
451 2311 550 2380 corpori
572 2311 660 2364 uxoris
683 2309 742 2379 ejus
763 2311 841 2380 justis
865 2309 1005 2380 persolutis

87 2383 217 2450 omnique
241 2382 361 2450 graviore
384 2381 512 2436 comitatu
539 2381 605 2434 intra
629 2379 724 2434 eadem
749 2380 916 2434 munimenta
940 2395 1003 2432 cum

88 2452 196 2503 modico
216 2451 347 2518 praesidio
364 2451 462 2519 relicto,
480 2450 514 2504 arf
533 2450 637 2504 hostem
655 2449 798 2504 contendit.
836 2449 893 2504 Duo
905 2465 1004 2501 cornua

87 2519 228 2574 diviserat⁶
239 2520 367 2590 peditum,
380 2522 483 2590 utrique
502 2519 577 2572 lateri
595 2521 685 2590 equite
697 2519 875 2586 circumdato,
893 2517 1004 2587 impedi·

88 2600 181 2643 menta
202 2590 382 2664 sequebantur
398 2607 503 2658 agmen.
541 2589 719 2642 Praemissum
738 2589 835 2642 deinde
853 2604 915 2640 cuni
933 2585 1005 2639 citis*

86 2675 103 2710 e
123 2660 226 2713 uitibirs
251 2659 378 2714 Menidan
400 2659 475 2729 jubet
495 2659 640 2731 explorare,
664 2659 708 2712 ubi
730 2661 833 2713 Dareus
852 2664 932 2709 esset.
968 2658 1004 2708 At

87 2676 140 2794 ilfa,
157 2747 222 2782 cum
241 2729 372 2783 Mazaeus
389 2728 460 2782 haud
478 2729 567 2798 procul
585 2729 757 2798 consedisset,
771 2745 822 2781 non
839 2724 1004 2805 aususultra

86 2799 242 2867 procedere,
262 2799 326 2852 nibil
347 2798 426 2868 aliud,
446 2813 527 2868 quam
547 2799 682 2853 fremitum
702 2798 840 2852 hominum
860 2793 1004 2872 hinnitum·

87 2884 140 2936 que
151 2886 281 2938 equomm
291 2867 438 2936 exaudisse,
450 2869 559 2923 nuntiat.
591 2867 844 2936 Mazaeuequoque,
854 2871 1005 2931 conspectis

33 2944 34 2948 ’
86 2938 180 3006 procul
199 2938 414 3007 exploratoribus,
428 2939 454 2995 in
467 2949 553 2991 castra
572 2955 601 2992 se
621 2937 728 3006 recepit,
741 2934 873 2989 adrentus
888 2931 1003 2987 hostium

112 3049 124 3133 ζ
135 3048 145 3128 ι’
155 3042 315 3102 Especially‚'
328 3057 355 3090 or
368 3042 458 3112 ‘under
467 3058 515 3111 any
525 3039 730 3123 circumstances)

113 3165 122 3190 ¹
135 3101 227 3230 *ἓξὲξ
237 3102 623 3221 {fifcelfeytliiuhiffiiig,flgfqra'hieh
632 3173 681 3218 you
691 3157 746 3218 gire
757 3157 807 3218 up!
835 3155 884 3208 For
891 3156 933 3206 the
945 3173 1002 3207 con.

85 3220 245 3270 structiones
256 3223 341 3275 cedere,
354 3221 402 3270 and
413 3221 484 3268 verbs
496 3218 524 3266 of
537 3219 577 3266 the
589 3233 656 3268 same
667 3215 740 3275 class,
753 3232 794 3266 see
808 3215 887 3266 Graio.
900 3218 974 3269 l298.

111 3285 121 3308 ⁴
132 3279 230 3328 Mulier
239 3281 306 3328 nubit
317 3281 391 3329 aluei
401 3282 459 3327 viro.
493 3278 539 3326 See
552 3277 650 3346 Zumpt,
664 3275 737 3328 ttoe.
930 3335 935 3346 ι

113 3339 202 3388 ⁸That
214 3340 244 3396 ia,
259 3339 304 3387 ‘he
320 3338 376 3392 hed.
389 3341 422 3398 by
433 3336 540 3397 diriding
556 3337 597 3385 the
613 3333 727 3396 infantry,
740 3335 832 3386 formed
843 3344 893 3383 two
904 3336 1001 3405 witige!

84 3396 144 3472 'l'lie
157 3398 338 3471 expressionis
354 3396 473 3446 therefore
489 3395 627 3456 equivalent
644 3403 669 3443 to
685 3397 711 3444 iri
726 3398 773 3448 diro
785 3411 873 3444 comae
887 3395 1002 3444 diruerat

85 3461 231 3579 'qtlflffdifiri
241 3467 390 3567 enttffrmferrir
400 3523 543 3565 ornaturae.
