2294 3842
478 205 571 246 aissa
590 201 653 244 viii.
961 187 1019 244 atti

12 349 17 352 -
111 310 249 382 penderet,
262 320 289 364 et
302 328 393 365 cruore
405 311 504 365 siccato
514 311 661 380 frigescens
671 312 768 366 vulnus
782 321 936 382 aggravaret
948 310 1019 364 dolo-

111 393 176 450 rem,
189 381 289 434 dixisse
301 381 390 451 fertur,
405 383 490 451 sequi
567 381 642 434 iovis
659 381 745 435 filiuni
764 381 825 450 dici,
838 381 886 434 sed
906 381 1020 451 corporis

110 450 184 518 aegri
203 451 269 502 vitia
287 453 395 503 sentire·
430 452 489 504 Nori
539 467 601 504 meu
621 459 683 503 ante
705 467 734 503 se
755 453 854 520 recepit
875 451 902 504 in
925 459 1017 520 castra,

110 535 193 588 qaam
206 528 303 572 cuncta
314 523 455 591 perspexit,
469 535 496 573 et
508 537 577 591 quae
590 520 648 574 fieri
660 520 740 573 vellet
752 520 841 573 edixit.

146 593 189 642 38.
209 589 286 658 Ergo,
308 592 376 642 sicut
400 591 559 658 imperatum
579 597 643 656 erat,
664 589 710 642 alii
734 598 808 643 extra
831 589 925 644 urbem
948 597 1020 644 tecta

111 657 310 727 moliebantur‚¹
334 660 524 728 ingentemque
549 659 603 713 vim
633 660 760 714 materiae
783 659 906 713 faciendo
929 659 1019 729 aggeri

111 725 306 780 detrahebant:
331 729 376 780 alii
399 745 557 798 magnarum
573 729 695 782 arborem
718 729 821 798 stipites
844 747 906 782 ciiru
930 729 1018 798 ramis,

111 811 144 848 ac
156 796 242 848 moles
261 813 384 850 saxorum
405 798 432 850 in
451 815 579 851 cavernas
598 797 768 867 dejiciebant.
804 799 918 867 Jamque
937 813 1020 866 agger

110 875 275 934 aequaverat
293 883 416 920 summae
434 865 570 936 fastigium
595 877 694 920 terrae:
719 868 809 938 itaque
827 876 912 921 turres
935 868 1019 935 erige·

111 935 182 1003 beot,
197 951 267 1003 quae
279 952 359 1005 opera
378 937 478 1004 ingenti
497 937 613 990 militum
631 937 723 990 ardore
742 938 810 990 intra
830 953 927 990 nouom
946 937 1020 989 diem

110 1004 234 1057 absoluta
252 1015 321 1058 eunt.
357 1005 400 1058 Ad
412 1023 444 1058 ea
456 1007 566 1060 visenda
585 1023 638 1076 rex,
650 1007 769 1060 nondum
786 1007 901 1060 obducta
919 1005 1020 1058 vulneri

111 1073 255 1144 cicatrice?
279 1075 413 1144 processit,
438 1077 604 1145 laudatisque
633 1076 769 1146 militibus,
799 1075 935 1130 admoveri
965 1091 1019 1127 ma-

110 1141 206 1195 chinas
222 1142 305 1214 jussit,
320 1161 335 1197 e
353 1146 450 1213 quibus
470 1146 564 1216 ingens
583 1148 624 1198 ris
641 1145 753 1199 telorum
771 1146 799 1199 in
816 1153 1022 1216 propugnatores

11 1261 13 1268 ,
110 1211 261 1264 effusaest.
297 1213 444 1284 Praecipue
456 1215 535 1268 rudes
544 1214 638 1268 talium
647 1231 756 1286 operum
766 1215 899 1268 terrebant
909 1213 1021 1266 mobiles

111 1287 204 1350 turres,
219 1291 358 1352 tantasque
371 1284 456 1337 moles
473 1283 547 1337 nulla
564 1299 614 1356 ope
633 1302 702 1356 quae
720 1292 872 1338 cerneretur
883 1282 1019 1352 adductas,

110 1349 222 1405 deorum
243 1353 353 1404 numine
372 1353 416 1422 agi
434 1353 586 1423 credebant,
600 1355 654 1424 pila
672 1370 778 1424 quoque
796 1353 918 1406 muralia³
930 1362 956 1405 et
977 1368 1020 1404 eir·

12 1449 13 1454 =
109 1435 204 1472 cossas
215 1422 353 1474 tormentis
364 1439 521 1492 praegraves
537 1423 628 1476 hastas
645 1425 778 1494 negabant
795 1423 936 1475 convenire
953 1437 1021 1474 mor-

110 1489 217 1542 talibus.
254 1491 293 1543 lta
313 1507 347 1544 ue
363 1492 504 1562 desperata
522 1493 594 1546 urbis
611 1494 693 1547 tutela
705 1509 860 1546 concessere
878 1491 905 1544 in
922 1507 1021 1543 arcem.

110 1557 262 1628 lude‚.quia
279 1559 304 1612 ni
326 1560 343 1612 il
361 1560 476 1614 obsessis
493 1572 597 1632 praeter
613 1562 775 1616 deditionem
813 1561 925 1630 lacebat,
942 1558 1022 1628 legati

109 1627 144 1684 sd
169 1643 261 1696 regern
283 1628 479 1685 descenderunt
503 1633 609 1685 veniam
633 1634 746 1702 petituri.
790 1579 849 1690 gua
872 1633 1020 1698 impetrata,

110 1697 203 1764 regina
221 1698 295 1750 venit
314 1715 376 1752 curn
395 1717 491 1769 magno
509 1701 636 1754 nobilium
655 1701 816 1754 seminarum
835 1715 915 1768 grege
934 1698 1021 1751 aureis

109 1766 211 1836 pateris
228 1767 290 1820 viiia
307 1765 468 1822 libantium.⁴
514 1771 525 1822 l
545 1788 575 1823 sa
591 1770 704 1838 genibus
721 1770 790 1838 regis
808 1785 887 1838 parvo
904 1768 958 1820 filio
975 1765 1021 1820 acl·

109 1845 189 1903 moto,
203 1853 256 1889 nou
267 1839 374 1891 veniam
392 1839 479 1908 modo,
493 1787 544 1892 sed
558 1840 639 1891 etiam
657 1838 782 1908 pristinae
801 1839 920 1890 fortunae
939 1837 1021 1905 impe·
1087 1843 1090 1849 '

109 1906 189 1959 travit
201 1905 292 1959 decus.
329 1907 433 1978 Quippe
445 1909 578 1978 appellata
590 1908 681 1976 regina
699 1915 754 1976 est;
773 1914 800 1959 et
817 1906 953 1958 credidere
965 1905 1022 1974 qui·

108 1975 181 2044 dam,
196 1975 258 2044 plus
274 1975 383 2046 formae,
396 1993 477 2046 quam
496 1978 656 2031 miserationi
674 1977 787 2029 datum.⁶
822 1975 905 2028 Puero
918 1989 1022 2043 quoque

107 2053 183 2097 certe
195 2053 289 2114 postea
301 2062 335 2098 ex
347 2062 380 2097 ea
391 2057 527 2116 utcunque
538 2047 627 2115 genito
639 2045 789 2098 Alexandro
802 2042 851 2096 suit
863 2060 969 2097 nomen.

115 2129 117 2132 ·
143 2117 187 2165 39.
214 2115 282 2166 Hinc
311 2114 472 2184 Polypercon
502 2116 536 2168 ad
567 2116 661 2169 urbem
686 2116 787 2168 Noram
812 2130 874 2166 cum
903 2111 1022 2165 exercitu
1120 2105 1122 2112 '

107 2186 216 2252 missus,
235 2183 384 2237 inconditos
400 2185 545 2254 oppidanos
562 2184 660 2254 proelio
678 2185 755 2237 vicit:
774 2184 841 2236 intra
858 2181 1023 2235 munimenta

107 2253 262 2321 eompulsos
274 2261 388 2322 secutus,
402 2255 495 2308 orbern
514 2255 540 2307 iri
559 2255 691 2308 dicionem
705 2254 814 2322 redegit.
850 2253 938 2306 Multa
950 2253 1022 2320 igno-

22 2368 26 2377 r
107 2321 175 2376 bilia
186 2321 284 2401 oppida
301 2323 406 2376 deserta
418 2340 435 2376 a
447 2325 502 2377 suis
514 2341 611 2376 venere
624 2323 650 2377 in
663 2324 733 2393 regis
750 2331 918 2394 potestatem.
954 2321 1022 2380 Quc-

109 2407 168 2444 ium
192 2391 294 2445 incolae
317 2392 413 2446 armati
437 2404 541 2462 petram
558 2394 656 2446 Aornin
680 2393 797 2447 nomine⁰
816 2389 1021 2462 occupaverunt.

108 2460 187 2512 Hanc
198 2461 234 2514 ab
245 2461 360 2514 Hercule
372 2461 468 2516 frustra
480 2463 616 2518 obsessam
629 2479 696 2532 esse,
711 2473 849 2532 terraeque
860 2471 933 2516 motu
946 2476 1022 2514 coac·

108 2537 168 2582 tum
191 2531 328 2600 absistere,
348 2530 421 2584 lama
445 2533 605 2602 vulgaverat.
653 2533 762 2602 Inopem
785 2533 886 2584 consilii
910 2531 1023 2582 Alexan·
1098 2545 1101 2549 ·

108 2597 197 2670 dmm,
216 2599 279 2670 quia
297 2599 561 2672 undique-praeceps
578 2612 605 2656 et
622 2602 734 2671 abrupta
752 2617 831 2670 rupes
853 2607 916 2666 erat,
937 2598 1024 2676 sepior

108 2668 222 2738 quidam
240 2669 341 2739 peritus
360 2670 477 2726 locorum
496 2688 558 2726 cum
577 2671 682 2725 duobus
701 2670 762 2724 filiis
780 2669 843 2738 adit,
865 2669 887 2720 si
907 2675 1022 2744 pretium

108 2754 207 2808 operae
237 2748 315 2807 esset,
346 2738 455 2794 aditum.
477 2758 506 2794 se
535 2749 740 2798 monstraturum
769 2754 829 2790 esse
858 2743 1021 2805 promittens.

140 2857 206 2906 ¹We
223 2875 263 2906 ma
293 2859 348 2918 give
366 2857 405 2906 the
422 2875 493 2906 sense
509 2861 543 2920 by
556 2864 607 2906 ‘set
618 2869 644 2906 to
655 2856 724 2905 work
735 2855 817 2902 withr'
835 2853 860 2902 in
875 2853 1021 2904 connection

109 2874 960 3026 aliialiiterremtatemtissimi‘iii'

139 2993 267 3084 'Juveelins
284 3035 320 3083 lor
336 3035 450 3097 assailing
459 3037 506 3106 'the
518 3034 606 3105 malls·
616 3079 618 3084 ,
627 3033 682 3104 The
692 3035 767 3095 pilum
778 3047 829 3081 was
838 3009 914 3081 biuch
925 3029 1022 3082 thicliet

108 3093 763 3261 ”ltltfftitssltttbalitilititlltlt‘tlt,
775 3151 822 3200 aa
837 3148 965 3212 pareres
980 3147 1022 3196 aa

108 3222 461 3341 reetrll’idcgicloriilglbbbbfplos)
469 3273 526 3319 dore
532 3273 605 3339 elicui
612 3270 715 3339 litamine)
723 3269 829 3319 otalioui
837 3270 879 3325 rei,
893 3273 934 3315 ‘to
963 3325 968 3335 .
984 3275 1010 3314 m

109 3328 225 3400 concede,
238 3329 270 3379 do
280 3331 427 3391 something,
440 3346 465 3378 in
476 3329 653 3397 consideratiore
661 3327 688 3376 ol
695 3342 763 3377 some
771 3344 855 3397 onerr
865 3337 944 3375 somer
962 3341 969 3372 i
1005 3300 1020 3372 f

137 3397 147 3422 ⁸
158 3389 224 3438 This
234 3404 336 3450 appears
344 3398 369 3439 tc
379 3392 410 3438 be
421 3405 435 3438 a
447 3389 529 3438 Greek
540 3387 681 3438 translation
689 3384 719 3436 os
724 3389 765 3437 the
776 3398 856 3436 native
866 3401 951 3434 namsi
966 3389 990 3433 ‘t
1008 3397 1022 3432 a

108 3449 170 3501 rocli
180 3458 207 3498 to
218 3447 300 3498 which
310 3463 342 3497 nc
352 3447 405 3498 bird
415 3448 477 3498 risas
488 3455 527 3506 tori
537 3457 638 3498 account
648 3446 676 3498 ol
688 3447 729 3496 the
740 3443 850 3508 lieightt.⁹
