2278 3846
467 238 558 279 arara
585 240 612 280 v.
936 223 991 280 ltu

77 363 126 400 rex
146 345 290 415 Praedam,
310 346 402 416 iuquit,
424 363 468 400 me
486 348 587 468 accipe,
606 348 741 402 neminem
761 365 860 417 eorum,
881 346 928 418 qui
951 364 991 402 se·

77 429 205 486 quuutur,
219 424 398 468 recusaturum
418 416 454 470 ire
473 433 525 484 qua
562 433 634 470 uces,
669 418 773 470 Cratero
791 419 875 486 igitur,
888 416 920 469 ad
934 434 991 470 cus

78 485 183 538 todiarn
207 492 352 538 castrorum
375 484 464 537 relicto
488 503 550 539 oum
578 485 711 554 peditibus
737 487 795 556 quis
818 487 990 554 assueverat,¹

79 565 107 606 et
125 555 161 606 iis
179 553 271 622 copiis,
284 571 350 622 quas
366 554 504 622 Meleager
522 555 645 623 ducebat,
658 565 685 607 et
703 556 843 624 sagittariis
860 555 992 624 equitibus

79 624 120 692 M,
134 624 273 693 praecipit,
287 634 315 675 ut
333 632 477 676 castrorum
495 623 584 693 specie
602 632 734 692 manente,
748 624 836 693 plures
853 624 886 676 de
905 624 992 677 indus·

80 693 132 745 tria
155 693 234 760 ignee
255 693 312 744 fieri
334 692 453 760 imperet,
472 709 523 762 quc
543 693 629 760 magis
648 693 750 746 barbari
770 693 885 762 credant,
905 694 993 763 ipsum

81 779 177 829 regern
189 762 214 814 in
228 761 322 814 castris
333 779 401 814 esse.
438 761 571 830 Ceterum,
585 762 607 814 si
620 760 685 814 forte
698 762 888 816 Ariobarzanes
899 780 992 830 cogno·

81 831 176 900 visset,
189 847 236 900 per
248 830 355 884 callium
368 830 502 884 anfractus
513 831 629 900 intrare,2
647 838 674 884 et
690 831 724 884 ad
743 831 923 900 occupandum
944 831 993 884 iter

82 917 164 954 suum
185 909 287 968 partem
306 900 440 968 copiarum
460 907 615 968 temptasset
634 916 773 970 opponere,
791 901 912 952 Craterus
931 917 993 952 eum

82 969 156 1022 illato
177 976 275 1020 terrore
294 969 438 1036 retineret,³
456 969 489 1020 ad
509 970 615 1038 propius
635 968 781 1037 periculum
806 985 992 1022 conversurum

82 1053 199 1106 agmen:
221 1037 368 1090 sinautem
388 1038 445 1105 ipse
465 1035 568 1090 hostem
587 1037 733 1107 fefellisset,
754 1046 781 1091 et
801 1037 897 1091 saltum
917 1054 994 1090 occu·

82 1115 183 1174 pascet,
204 1123 265 1158 curn
287 1106 471 1176 trepidantium
493 1106 661 1160 barbarorum
682 1107 823 1160 tumultum
842 1107 994 1160 exaudisset

84 1177 312 1248 [persequentium
332 1175 442 1246 regem,]
461 1175 487 1228 id
505 1177 591 1255 ipsum
609 1177 665 1245 iter,
678 1193 730 1246 qno
767 1176 833 1230 ridie
851 1176 920 1245 pulsi
937 1175 994 1229 lue·

83 1253 149 1313 rant,
163 1261 198 1298 ne
216 1243 348 1324 dubitaret
367 1245 481 1313 ingredi:
501 1263 598 1315 quippe
616 1262 731 1298 vacuum
748 1194 812 1316 iore,
831 1245 951 1299 hostibus
968 1245 994 1298 in

83 1322 171 1366 mmet
183 1330 293 1366 aversis.

121 1387 160 1435 15.
182 1383 244 1451 lpse
262 1383 337 1435 tertia
355 1382 445 1451 vigilia
464 1382 550 1435 silenti
567 1383 681 1452 agmine,
700 1399 733 1436 ac
750 1400 785 1436 ne
804 1383 868 1437 tuba
885 1381 993 1452 quidem

83 1453 145 1505 dato
169 1453 253 1521 signo,
278 1452 362 1522 pergit
385 1453 418 1504 ad
444 1452 652 1505 demonstratum
677 1453 726 1508 iter
749 1451 866 1506 callium.
902 1452 993 1506 Tridui

83 1522 214 1574 alimenta
238 1530 340 1590 portare
364 1521 474 1574 militem
498 1521 611 1590 jusserat
638 1521 732 1574 leviter
754 1533 894 1575 armatum.
942 1519 992 1574 Sed
1080 1526 1081 1529 ’

83 1601 190 1660 praeter
214 1590 299 1643 invias
318 1607 396 1659 rupes
415 1607 448 1645 ac
468 1599 606 1659 praerupta
627 1607 698 1659 saxa,
720 1589 994 1660 vestigiumsubinde

84 1659 213 1728 fallentia,
227 1660 272 1711 nix
283 1660 418 1712 cumulata
429 1669 507 1711 vento
526 1658 715 1727 ingredientes⁴
732 1659 876 1729 fatigabat:
895 1659 994 1782 quippe

84 1729 157 1782 velut
171 1729 197 1781 in
211 1729 303 1780 foreas
314 1727 395 1782 delati
413 1727 619 1806 hauriebantur,⁵
631 1738 656 1780 et
670 1746 731 1782 cum
744 1746 760 1781 a
771 1729 941 1782 commilitoni
964 1746 995 1781 us

83 1795 275 1865 allevarentur,
294 1797 431 1851 trahebant
454 1797 539 1865 magis
561 1798 726 1867 adjurantes,
746 1815 825 1866 quam
849 1798 994 1866 sequeban-

84 1867 145 1920 tur.⁸
181 1868 242 1920 Nox
260 1884 372 1937 quoque,
386 1876 413 1920 et
431 1867 520 1934 ignota
538 1867 617 1935 regio,
630 1883 663 1918 ac
680 1867 734 1919 dun
746 1865 871 1919 incertum
885 1884 918 1918 an
932 1867 995 1918 satis

83 1937 173 2002 fidus,⁷
193 1935 402 2005 multiplicabant
421 1945 537 1988 metum:
562 1935 583 1988 si
607 1934 730 1988 custodes
752 1934 898 2004 fefellisset,
920 1935 994 2004 quasi

84 2005 156 2058 seras
174 2005 274 2060 bestias
291 2006 362 2073 ipsos
379 2022 456 2074 posse
474 2004 647 2074 deprehendi.
684 2005 725 2057 Ex
743 2005 820 2056 unius
837 2003 932 2072 captivi
950 2004 995 2057 vel

83 2075 137 2128 fide
151 2075 197 2126 rel
208 2075 308 2127 anima⁸
326 2075 441 2142 pendere
459 2082 485 2127 et
504 2075 572 2142 regis
590 2072 704 2126 salutem
716 2081 742 2125 et
754 2089 838 2126 suam.
874 2072 995 2126 Tandem

82 2161 183 2198 venere
208 2145 234 2196 in
256 2143 359 2212 jugum.
395 2147 419 2197 A
443 2144 535 2196 dextra
559 2144 609 2196 iter
631 2143 665 2195 ad
689 2143 776 2212 ipsum
799 2141 993 2196 Ariobarzanen

84 2224 155 2266 erat:
175 2213 220 2266 hic
238 2212 368 2266 Philotam
380 2224 407 2266 et
417 2214 523 2266 Coenon
542 2229 604 2268 cum
617 2215 735 2281 Amynta
752 2221 778 2265 et
796 2211 993 2282 Polyperconte,

83 2283 241 2352 expeditum
272 2282 401 2336 habentes
429 2299 547 2352 manum,
572 2282 702 2351 relinquit,
727 2281 846 2349 monitos,
876 2290 905 2334 ut
933 2281 994 2350 quia

83 2369 170 2422 eques
188 2351 271 2420 pediti
290 2361 346 2404 erat
363 2353 470 2421 mixtus,
483 2368 535 2420 qua
553 2351 757 2420 pinguissimum
775 2359 846 2404 esset
864 2350 948 2404 solum
968 2359 994 2402 et

83 2421 177 2491 pabuli
199 2421 293 2491 lertile,
314 2421 411 2475 sensim
433 2421 620 2490 procederent:
644 2423 728 2474 duces
748 2429 821 2474 erant
842 2421 941 2473 itineris
959 2419 994 2471 de

83 2491 200 2561 captivis
216 2491 281 2542 dati.
317 2491 376 2560 lpse
394 2508 456 2544 cum
473 2491 622 2560 annigoris⁹
633 2500 660 2543 et
678 2491 728 2560 ala,
740 2507 822 2560 quam
834 2493 937 2558 Agema
948 2505 994 2558 ap-

112 2647 120 2669 ¹
134 2645 141 2666 ’
152 2637 286 2707 1110111119
298 2655 348 2686 wae
358 2639 511 2688 accustomad
522 2650 548 2688 to
558 2639 684 2689 command
692 2639 708 2696 3‘
721 2655 756 2696 or,
767 2655 794 2688 as
803 2655 840 2688 we
851 2655 903 2698 say,
919 2645 924 2664 ‘
936 2638 994 2686 with

83 2700 122 2748 lris
133 2713 191 2745 own
201 2698 336 2758 regimem!

112 2757 229 2820 ’Supply
238 2774 272 2812 re,
286 2757 326 2804 the
338 2753 447 2815 speaker.

112 2822 121 2846 ¹
135 2815 222 2864 ‘Then
232 2815 346 2863 Craterus
356 2826 438 2864 wasto
446 2815 506 2876 keep
515 2817 633 2865 himback
640 2817 672 2876 by
681 2817 814 2876 avigorous
823 2813 921 2867 assault,
930 2828 994 2872 upon

83 2874 209 2981 whichrlhre
216 2874 297 2921 would
307 2873 425 2980 notrylryrlly¹
432 2886 486 2923 turn
498 2875 536 2923 his
545 2876 627 2924 march
634 2874 739 2922 towards
746 2873 787 2920 the
796 2871 991 2930 nearerdanger.’

113 3001 121 3024 ¹
135 2997 141 3019 ⁶
153 2948 421 3052 Thbyinsiihlililrlittiib‘ll
440 3029 445 3048 ‚
460 2998 538 3040 ‘were
549 2992 628 3040 drunlt
638 2989 686 3050 up!
955 3049 959 3058 ι

111 3058 120 3082 ·
136 3050 224 3110 ‘They
233 3065 299 3098 more
310 3009 445 3110 frequently
453 3052 518 3099 drew
526 3052 597 3098 down
604 3049 673 3116 rhqse
680 3047 736 3094 who
744 3061 808 3094 were
817 3047 994 3115 endeavounng

82 3119 108 3160 to
120 3111 196 3158 assist
207 3109 282 3164 them,
295 3109 353 3156 than
365 3109 475 3157 followed
487 3110 553 3156 them
566 3109 626 3164 (that
637 3123 667 3174 rs,
679 3121 732 3153 rose
743 3107 776 3174 by
788 3105 849 3155 therr
860 3107 941 3176 halpt!

111 3174 120 3197 ³
135 3168 206 3216 ‘The
217 3169 320 3227 perhaps
336 3167 617 3225 not-over-trustworthy
627 3163 698 3225 gurde
707 3165 722 3212 :¹
736 3164 848 3226 literally,
864 3172 896 3214 ‘rr
913 3183 933 3214 rs
949 3181 991 3214 un-

82 3228 177 3284 certain
189 3227 298 3274 whether
309 3227 339 3274 he
351 3244 401 3275 was
412 3242 470 3285 very
481 3223 655 3284 truatwortby.'
689 3223 743 3271 The
754 3225 869 3274 omission
880 3226 907 3274 o'f
920 3235 953 3274 est
969 3226 992 3273 in

82 3289 133 3336 thie
145 3285 234 3334 caseis
246 3300 365 3339 common,
397 3285 515 3344 Compare
527 3284 558 3331 iv.
571 3287 606 3331 56.

111 3353 120 3376 ·
134 3345 241 3392 ‘Breath
250 3345 265 3400 ;'
279 3344 370 3400 thetis,
388 3343 458 3390 ‘life'

110 3410 120 3434 ⁹
131 3403 170 3464 By
179 3405 292 3465 armigeri
302 3403 322 3450 is
334 3411 413 3450 meant
423 3401 464 3448 the
474 3415 543 3458 corps
552 3400 579 3468 of
586 3399 626 3448 the
636 3399 676 3460 Hy
694 3401 782 3460 aspists
791 3399 993 3461 orArgyraspids.

83 3465 141 3520 (See
153 3465 185 3512 iv.
198 3467 243 3516 50).
275 3462 330 3508 The
341 3478 422 3522 agema
433 3476 483 3508 was
495 3460 535 3507 the
548 3460 630 3519 lnng's
640 3416 792 3522 body-guard
803 3460 831 3507 of
837 3459 940 3520 cavalry.
