2278 3846
453 227 545 270 uara
565 230 605 272 rr.
882 213 886 219 '
923 213 978 272 lue

104 329 182 384 Cufis·
215 329 285 382 'l'lrna
295 333 336 382 tha
347 333 423 384 whole
434 339 601 388 examination
617 339 687 388 takes
704 355 719 387 a
736 345 791 388 turn
808 339 944 392 favourable
956 345 980 389 to

104 395 146 444 the
158 395 243 462 king’s
253 397 352 448 honour.

338 533 532 570 SUPPfflEN'l'UH
549 535 717 575 mummii.

104 619 184 682 [Dum
193 637 223 668 ea
234 635 276 682 per
287 621 373 669 Asiam
385 628 506 685 gerentur,
517 637 548 670 ne
560 622 585 670 in
597 622 702 671 Graecia
718 623 815 684 quidem
827 623 979 675 Macedonia-

68 701 117 749 que
128 686 276 750 tranquillae
287 701 327 734 res
338 687 411 734 lbere.
439 685 569 752 Regnabat
580 689 643 750 apud
651 687 856 737 Lacedaemonios
863 691 925 756 Agis
934 693 980 740 Ar·

69 751 184 800 ehidami
195 751 266 810 filius,
276 751 317 814 qni
326 751 466 800 Tarentinis
477 768 547 815 opem
559 753 639 802 serena
650 754 780 812 ceciderat,
789 757 872 803 eodem
885 757 923 805 die
934 773 981 819 quo

69 815 370 880 PbilippnsAthenienscs
379 817 410 865 ad
418 817 586 866 Chaeroneam
594 819 660 868 vicit
685 819 851 867 IaAlexandri
859 835 901 882 per
909 823 981 870 virtu-

68 887 122 932 tem
134 883 255 940 aemulus,
264 883 329 930 cives
340 898 396 930 snos
408 882 557 942 stimulabat,
565 899 597 932 ne
605 884 735 932 Graeciam
745 886 858 932 cervitate
868 885 980 935 Macedo-

68 948 227 997 numdintius
233 949 309 1010 premi
315 954 461 1010 paterentur3
466 948 515 996 nisi
522 949 657 1011 intempore
663 949 890 1012 providerentidem
893 953 980 1014 jugum

69 1014 104 1060 ad
113 1015 183 1076 ipsos
194 1013 352 1062 transiturum
364 1027 424 1060 esse.
452 1013 620 1063 Annitendum
632 1015 716 1078 igitur,
727 1017 785 1063 dum
797 1016 891 1077 aliquae
902 1017 982 1066 adhuc

68 1079 526 1128 Persisadresistendumviresesscnt:
538 1080 586 1128 illis
592 1081 720 1142 oppressis,
728 1082 839 1130 adversus
847 1080 981 1130 immanem

68 1145 207 1210 potentiam
219 1145 311 1193 frustra
322 1143 401 1192 avitae
413 1144 531 1194 libertatis
542 1161 662 1194 memores
671 1145 771 1196 fiaturos.
804 1146 845 1194 Sic
857 1147 981 1197 instinctis

68 1211 169 1268 animis,
181 1211 336 1258 occasionem
348 1209 404 1257 belli
415 1225 445 1258 ex
457 1213 584 1260 commodo
601 1212 728 1273 coaptandi
746 1211 981 1274 circumspiciebant.

69 1278 152 1342 Igitur
165 1275 283 1324 felicitate
294 1275 546 1336 Memnoniaiuritati‚
558 1277 660 1326 consilia
677 1293 732 1326 cum
750 1277 802 1339 ipso
819 1277 922 1327 miscere
939 1296 981 1344 ag.

67 1343 149 1408 gressi
166 1348 239 1400 sunt3
255 1348 282 1389 et
297 1346 421 1402 postquam
438 1341 478 1390 ille
496 1358 576 1390 rerum
594 1343 711 1391 laetarum
730 1343 799 1391 initia
812 1345 982 1407 intempestiva

68 1414 149 1456 morte
162 1407 281 1465 destituit
292 1405 368 1454 nihilo
379 1406 505 1456 remissius
517 1409 630 1471 agebant
659 1408 706 1460 Sed
718 1410 749 1457 ad
761 1409 945 1458 Pharnabazum
957 1418 982 1459 et

67 1472 271 1536 Autophradaten
288 1470 410 1534 profectus
421 1472 492 1536 Agis,
504 1473 607 1537 triginta
625 1475 721 1538 argenti
739 1475 838 1533 talenta,
850 1475 981 1540 decemque

68 1539 185 1595 triremes
194 1537 340 1600 impetravit,
350 1551 409 1597 quas
420 1537 537 1601 Agesilao
545 1538 614 1586 fratri
624 1539 698 1598 misit,
709 1546 735 1588 ut
743 1540 874 1589 inCretam
882 1541 981 1606 naviga.

68 1609 112 1662 ret,
119 1603 191 1668 cuj'us
198 1602 293 1650 insulae
302 1601 472 1652 cultoresinter
480 1602 686 1652 Lacedaemonios
694 1612 718 1653 et
725 1605 873 1654 Macedonas
880 1606 981 1656 dirersis

68 1670 157 1717 studiis
167 1667 373 1716 distrahebantur.
397 1667 485 1731 Legati
494 1685 585 1732 quoque
597 1671 627 1718 ad
641 1669 748 1719 Dareum
755 1671 824 1719 missi
833 1677 896 1730 sunt,
904 1673 945 1734 qui
954 1674 980 1722 in
1066 1679 1077 1702 ⁸

68 1751 139 1783 usum
148 1734 207 1782 belli
215 1733 357 1795 ampliorem
366 1733 414 1780 vim
425 1733 542 1794 pecuniae
550 1735 677 1798 pluresque
686 1753 759 1784 nares
767 1743 883 1798 peterent
899 1739 980 1800 Atque

67 1799 129 1848 haec
141 1816 228 1848 eorum
240 1803 324 1860 coepta
336 1797 417 1846 clades
429 1799 460 1846 ad
473 1799 552 1847 issum
565 1804 633 1860 (nam
641 1817 670 1848 ea
678 1801 849 1862 intervenerat)
861 1805 921 1850 adeo
931 1819 981 1853 non

68 1865 239 1928 interpellavit,
250 1869 276 1912 ut
286 1863 361 1912 etiam
373 1865 497 1928 adjuverit.
523 1864 618 1928 Quippe
630 1865 765 1928 fugientem
776 1867 900 1916 insecutus
908 1869 980 1918 Alex·

68 1933 144 1978 ander
157 1931 185 1978 in
196 1930 329 1994 longinqua
336 1930 390 1977 loca
398 1929 615 1994 magiamogisque
625 1931 776 1992 rapiebatur;
787 1939 812 1979 et
819 1949 848 1980 ex
856 1933 908 1994 ipso
915 1950 980 1996 proe.

68 1997 100 2044 lio
109 1997 317 2044 mercenariorum
325 1994 412 2058 ingena
421 1995 550 2044 mrrltitudo
559 1995 585 2042 in
592 1995 722 2045 Graeciam
730 1996 789 2060 fuga
798 2003 966 2058 penetraverat
974 2018 979 2047 :

67 2078 170 2124 quorum
183 2067 239 2110 octo
250 2061 320 2108 milia
331 2059 430 2108 Persica
441 2061 544 2122 pecunia
562 2060 678 2114 conduxit
694 2061 757 2124 agis,
769 2077 897 2123 eorumque
908 2079 978 2124 opera

68 2129 194 2190 plerasque
205 2126 359 2175 Cretensium
366 2127 437 2174 urbes
446 2126 543 2187 recepit.
569 2126 632 2174 Cum
641 2126 755 2189 deinceps
764 2127 861 2185 Menon,
870 2127 895 2174 in
904 2127 980 2178 Thra.

68 2193 132 2242 eiam
144 2195 179 2242 ab
190 2193 332 2240 Alexandro
343 2191 440 2250 missus,
447 2193 562 2240 barbaros
574 2193 605 2240 ad
616 2191 775 2240 defectionem
787 2193 930 2254 impulisset
939 2197 980 2244 ad.

68 2273 111 2320 que
119 2274 179 2306 earn
187 2256 398 2320 comprimendam
406 2256 537 2318 Antipater
542 2257 673 2306 exercitum
680 2257 863 2306 erMacedonia
869 2255 894 2306 in
902 2259 979 2310 Thra-

67 2324 131 2374 ciam
137 2322 437 2384 duxissetopportunitate
443 2322 558 2384 temporis
565 2329 661 2372 strenue
669 2323 706 2372 usi
711 2323 898 2374 Lacedaemonii
903 2332 978 2376 totam

68 2388 269 2451 Peloponnesum,
278 2387 363 2450 paucis
374 2387 473 2436 urbibus
484 2388 599 2450 exceptis,
611 2385 637 2436 in
648 2394 729 2452 partes
741 2395 873 2449 traxerunt,
885 2393 979 2441 confec-

69 2461 136 2516 toque
144 2453 256 2502 exercitu
263 2451 350 2516 viginti
358 2452 453 2502 milium
460 2453 575 2515 peditum,
583 2471 638 2502 curn
646 2453 766 2518 equitibus
775 2455 811 2503 bis
820 2455 893 2515 mille,
902 2459 978 2522 Agidi

69 2535 193 2568 summam
205 2518 303 2582 imperii
315 2519 459 2566 detulerunt
492 2519 621 2582 Antipater
633 2535 662 2567 ea
674 2536 699 2567 re
711 2527 834 2584 comperta
851 2523 939 2570 bellum
951 2524 982 2572 in.

68 2583 185 2644 Thracia,
196 2584 284 2648 quibua
296 2589 374 2646 potest
382 2583 571 2643 condicionibus,
580 2585 708 2646 componit·
720 2587 855 2649 raptimque
867 2588 893 2635 in
905 2588 978 2636 Grae-

69 2650 133 2698 ciam
142 2666 279 2714 regremus,
286 2651 317 2697 ab
326 2648 413 2696 amicis
421 2648 539 2710 sociisque
547 2649 686 2698 civitatibus
695 2651 785 2700 auxilia
794 2651 867 2715 cogit.
883 2651 978 2708 Quibus

69 2715 275 2774 convenientibus,
284 2715 316 2762 ad
327 2713 488 2778 quadraginta
497 2721 660 2780 pugnatorum
668 2716 737 2764 milia
746 2717 875 2766 recensuit
900 2717 977 2765 Adve-

69 2788 138 2829 nerat
154 2787 181 2828 et
198 2797 229 2828 ex
245 2781 409 2842 Peloponneso
420 2779 500 2826 valida
512 2795 613 2837 manum
630 2782 673 2829 aed
689 2781 747 2844 quia
757 2781 857 2829 dubiam
869 2781 976 2842 ipsorum

68 2845 139 2893 fidem
152 2846 291 2904 resciverat,
301 2844 454 2892 dissimulata
466 2845 602 2907 suspicione
612 2848 704 2910 gratias
713 2846 772 2908 egit,
780 2845 842 2906 quod
854 2847 885 2892 ad
896 2846 977 2894 desen-

68 2911 172 2958 dendam
186 2913 300 2958 adversus
312 2910 515 2959 Lacedaemonios
525 2911 658 2959 Alexandri
674 2909 820 2974 dignitatem
837 2909 976 2960 affuissent:

68 2976 217 3037 scripturum
225 2992 251 3023 se
259 2975 284 3023 id
292 2974 352 3038 regi,
360 2975 613 3038 gratiamintempore
620 2975 733 3023 relaturo.
758 2974 978 3036 inpraesensnihil

67 3056 126 3102 opus
137 3057 193 3088 esse
204 3041 337 3104 majoribus
349 3040 439 3102 copiis:
451 3041 532 3104 itaque
544 3042 627 3089 domos
638 3040 751 3098 redirent,
763 3040 866 3089 foederis
873 3043 977 3090 necessi-

68 3112 116 3156 tate
127 3107 231 3168 expleta.
260 3105 364 3155 Nuntios
376 3106 463 3153 deinde
475 3108 506 3154 ad
518 3107 685 3154 Alexandrum
697 3105 779 3164 mittit,
787 3107 816 3154 de
824 3113 891 3155 motu
901 3107 976 3155 Grae-

68 3172 120 3220 ciae
133 3172 262 3220 certiorem
274 3171 386 3220 facturos.
412 3172 491 3232 Atque
502 3172 538 3219 illi
550 3187 634 3234 regem
645 3171 707 3232 apud
716 3171 805 3219 Bactra
814 3173 913 3220 demum
921 3189 976 3220 con·

68 3237 144 3286 secuti
152 3243 287 3294 auntrcum
295 3236 394 3284 interim
399 3236 523 3298 Antipatri
530 3235 637 3294 victoria,
644 3241 735 3284 etuece
743 3236 976 3300 AgidisinArcadia

68 3308 219 3351 transactum
229 3307 300 3350 esset
317 3301 381 3350 Sane
386 3303 438 3366 jam
448 3301 539 3363 pridem
550 3301 656 3348 tumultu
662 3299 910 3351 Lacedaemoniorum
920 3319 976 3366 cog·

67 3369 125 3426 nito,
141 3374 262 3430 quantum
283 3373 318 3414 tot
339 3373 458 3415 terrorum
480 3366 564 3427 spatiis
583 3365 700 3414 discretus
721 3367 804 3429 potuit
825 3369 975 3428 providerat:

67 3433 244 3495 Amphoterum
258 3449 313 3480 cum
324 3431 420 3496 Cypriis
432 3437 456 3478 et
467 3431 605 3479 Phoeniciis
622 3432 725 3481 navibus
742 3433 767 3480 in
785 3431 975 3495 Peloponnesum

67 3499 193 3562 navigare,
204 3497 322 3546 Meneten
333 3498 379 3546 tria
390 3497 460 3546 milia
471 3497 589 3544 talentum
601 3497 632 3546 ad
643 3514 710 3546 mare
723 3497 815 3546 deferre
824 3499 938 3561 J'usserat,
949 3503 975 3547 ut
