2278 3846
476 234 576 278 urna.
593 235 623 278 v.
804 211 810 226 “
947 219 1003 278 l„

88 351 197 400 manes
213 361 287 402 nuno
304 357 416 418 purgare
435 361 471 416 se,
490 361 561 400 nnnc
576 345 740 402 Artabazum
757 344 1003 418 orareutoausaar

86 418 208 488 ipsorum
233 426 356 487 tueretur,
377 431 524 488 precesque
547 415 684 486 perterret.
727 415 770 470 Sic
789 425 897 487 peraeta
916 424 1001 487 noete,

88 485 141 554 abb
158 487 229 540 lucis
248 499 368 542 exortum
387 486 561 540 Nabarzanes
579 503 642 540 cum
662 486 807 540 Bactrianis
826 486 957 542 militibus
976 487 1002 541 in

87 556 224 610 vestibulo
242 556 365 626 praetorii
382 556 512 618 aderant‚¹
524 555 631 610 titulum
648 556 785 610 sollemnis
801 557 883 610 officii
898 557 1003 611 coaulto

88 625 186 680 sceleri
201 625 392 696 praeferentes.
428 625 538 696 Dareus,
552 626 627 694 signo
638 625 673 679 ad
685 625 803 680 auridum
815 626 885 696 dato,
897 641 1003 681 cunum

87 696 200 768 pristino
218 695 471 748 more·conseendit.
507 695 680 750 Nabarzanes
706 696 840 765 ceterique
858 695 1004 766 parricidae

86 765 296 834 procumbentes
319 763 402 834 humi,
424 781 506 835 quem
529 765 686 836 paulopost
706 765 867 822 inviucalis
890 765 1004 820 babituri

87 845 166 886 erant
180 835 329 889 sustinuere
338 835 467 903 veucmri,
481 835 605 888 lacrimae
617 835 700 890 etiam
712 835 892 906 poenitentiae
903 835 1005 890 indices

107 903 280 958 refuderunt:
304 904 372 957 adeo
395 904 521 959 humanis
542 903 656 974 ingeniis
675 905 777 975 parata²
796 905 930 958 simulatio
953 913 1004 960 est.

58 985 64 996 “
86 919 189 1026 greces
199 973 297 1030 deinde
310 990 360 1044 sup
378 972 463 1026 liciter
473 973 598 1027 admotae
610 975 734 1044 Dareum,
748 983 842 1028 natura
854 975 1004 1044 simplicem

87 1051 116 1094 et
128 1045 224 1096 mitem
246 1060 297 1097 non
309 991 418 1096 credere
430 1045 509 1097 modo
538 1059 589 1098 uae
600 1043 777 1114 affirmabant,
787 1044 835 1096 sed
847 1044 912 1097 llere
923 1045 1005 1098 etiam

87 1082 246 1182 coegerunl.
288 1115 329 1167 Aa
349 1129 384 1168 ne
403 1121 461 1167 tum
480 1061 589 1184 quidem
609 1114 717 1183 cogitati
737 1115 847 1167 sceleris
867 1115 1004 1184 poenituit,

87 1199 152 1246 curu
172 1181 356 1253 intuerentur,⁸
367 1181 476 1254 qualem
493 1191 520 1237 et
538 1199 630 1253 regem
646 1191 674 1236 et
686 1184 770 1238 virum
789 1183 921 1238 fallerent.
956 1183 1005 1238 llla

87 1251 209 1322 quidem,
230 1267 341 1305 securus
363 1252 473 1323 periculi
496 1253 567 1323 quod
591 1252 713 1324 instabat,
735 1253 880 1308 Alexandri
900 1269 1004 1324 manua,

87 1337 156 1392 quas
168 1321 240 1374 solas
252 1321 371 1391 timebat,
384 1321 504 1392 effugere
516 1322 681 1394 properabat.

123 1395 166 1443 30.
188 1392 283 1444 Patron
295 1400 394 1462 autem,
404 1393 565 1446 Graecorum
578 1392 641 1464 dux,
654 1393 793 1465 praecipit⁴
804 1393 867 1462 sais,
880 1399 910 1446 ut
921 1407 1003 1464 arma,

87 1477 159 1532 quae
182 1461 208 1514 in
229 1460 341 1514 sarcinis
360 1469 439 1514 antea
461 1461 622 1530 serebantur,
641 1461 788 1534 induerent,
807 1462 841 1515 ad
860 1479 939 1516 omne
957 1462 1005 1515 irn-

124 1532 197 1584 rium
218 1547 298 1584 suum
317 1531 401 1602 parati
421 1540 448 1583 et
468 1532 571 1584 intenti.
613 1531 674 1603 lpse
693 1549 800 1586 currum
819 1533 891 1602 regis
910 1547 1005 1602 seque-
1089 1532 1091 1536 ’

86 1545 175 1670 llius,
194 1599 327 1652 ocoadoni
350 1600 505 1654 immineus⁵
527 1601 679 1672 alloquendi
702 1613 782 1655 eam:
807 1603 906 1672 quippe
930 1601 1005 1656 Bessi

86 1667 195 1722 facinus
212 1678 405 1739 praesenserat.
440 1670 491 1724 Sed
510 1670 615 1740 Bessus,
629 1669 679 1724 idi
700 1688 759 1726 suta
770 1681 902 1742 metuens,
915 1679 1005 1724 custos

86 1741 187 1808 renus,
200 1755 283 1809 quam
294 1755 393 1808 comes,
406 1757 423 1792 a
435 1755 512 1793 curru
525 1757 575 1794 non
589 1687 740 1795 recedehat.
773 1741 824 1794 Dia
836 1757 897 1809 ergo
910 1742 1005 1794 Patron

87 1819 238 1879 cunctatus,
256 1825 290 1862 aa
308 1809 414 1879 saepius
431 1825 553 1868 sermone
570 1811 729 1890 revocatus,⁸
744 1811 811 1863 inter
827 1810 908 1864 fidem
928 1811 1004 1863 timo·

85 1883 202 1948 iamque
213 1878 351 1932 haesitans
362 1895 389 1932 re
409 1895 454 1932 em
466 1878 626 1932 intuebatur.
662 1879 714 1938 Qur
726 1888 756 1932 ut
768 1879 877 1933 tandem
889 1879 1005 1934 advertit

86 1949 189 2018 oculos,
203 1946 330 2003 Bnbaoeu
343 1895 488 2019 spadonem
502 1950 569 2002 inter
581 1947 829 2018 proximos-curram
847 1957 1005 2018 sequentem

85 2017 238 2088 percontari
254 2017 338 2088 jubet,
355 2018 508 2088 numquidi
542 2017 628 2072 ivelit
641 2017 738 2071 dicere.
776 2018 878 2086 Patron,
891 2033 1003 2088 severo,
1066 2027 1070 2038 ’

86 2087 136 2140 sed
148 2087 261 2140 remotis
272 2087 382 2158 arbitris,
392 2087 464 2158 loqui
476 2105 509 2141 ve
520 2089 547 2140 le
558 2105 622 2142 oum
633 2103 673 2157 eo,
683 2087 827 2158 respondit.
857 2087 1004 2156 iussusque

133 2158 199 2228 pius
217 2156 354 2231 assedere,
373 2157 431 2211 sine
449 2158 599 2238 interprete,
619 2173 683 2211 narn
703 2155 774 2210 baud
795 2157 867 2210 rudis
885 2157 1005 2210 Graecae

85 2173 197 2296 llhuguae
215 2225 318 2280 Dareus
335 2236 406 2280 arat:
431 2227 497 2290 Rex,
517 2228 608 2298 inquit,
627 2243 662 2281 ex
680 2228 701 2281 L
719 2227 826 2283 milibus
842 2227 1005 2281 Graecomm

86 2313 266 2367 supersumus
277 2296 364 2367 pauci,
377 2297 464 2350 omnis
479 2297 598 2350 fortunae
610 2306 672 2350 tuae
684 2297 805 2368 comites,
818 2305 845 2350 et
857 2297 884 2351 in
898 2297 948 2350 hoc
959 2305 1005 2350 tua

74 2374 160 2420 statu
169 2367 261 2435 iidem,
271 2366 317 2436 qui
329 2366 440 2420 florenta
452 2376 479 2420 te
492 2366 598 2436 luimus,
608 2382 781 2437 quascunque
790 2377 873 2422 terras
881 2365 1003 2437 elegeris,

85 2453 134 2506 pro
143 2435 228 2506 patria
240 2445 267 2498 et
279 2436 435 2490 domesticis
444 2436 523 2492 rebus
531 2437 646 2507 petituri.
676 2436 814 2492 Secundae
822 2438 1005 2506 adversaeque

86 2518 132 2558 res
142 2515 209 2559 tuae
220 2505 378 2578 copulavere
390 2522 440 2559 nos
451 2515 551 2560 tecum.
586 2507 637 2560 Per
645 2505 715 2560 bene
726 2507 808 2562 fidem
821 2508 949 2562 invictam
960 2519 1006 2559 oro

86 2584 114 2628 et
127 2575 254 2646 obtestor,
267 2575 294 2629 in
307 2574 402 2628 nostris
410 2577 504 2629 castris
513 2575 561 2630 tibi
569 2576 771 2632 tabernaculum
784 2585 880 2646 statue,
890 2593 938 2630 nos
948 2591 1005 2628 cor·

85 2645 160 2718 poris
178 2647 217 2700 tui
236 2646 360 2700 custodes
378 2661 438 2700 ease
455 2645 573 2716 patiaris.
609 2645 754 2702 Omisimus
772 2647 919 2715 Graeciam,
931 2643 1006 2700 nulla

117 2779 287 2830 ¹Foroderat.
319 2780 366 2828 See
380 2780 585 2838 &malacae

116 2846 128 2872 ⁸
139 2840 181 2889 ‘ls
190 2839 310 2947 ppopased
317 2840 333 2897 ;’
345 2840 398 2888 that
409 2841 439 2898 ia,
453 2839 551 2892 ‘stands
561 2841 587 2890 in
597 2841 721 2892 readiness
730 2839 786 2896 icr‚'
799 2853 826 2887 or
837 2843 875 2888 'at
886 2838 928 2887 tha
939 2853 1004 2887 corn·

85 2899 209 3008 meall'lth
220 2967 271 3008 tam
280 2975 332 3007 cam
342 2973 379 3006 we
396 2958 484 3008 should
498 2931 585 3019 expect
601 2959 642 3008 the
659 2957 803 3027 iudicasire3
820 2957 864 3004 but
874 2973 926 3006 mom
936 2962 1006 3009 (avan

86 3021 223 3088 temporale)
235 3033 292 3078 may
303 3018 395 3078 always
411 3021 440 3068 be
456 3018 570 3068 followed
582 3018 668 3078 hythe
679 3015 804 3077 imperfect
815 3013 862 3064 and
872 3013 1005 3076 plupetfect

87 3081 253 3184 subsignatae,
285 3077 444 3148 SeeZumpt,
457 3078 536 3134 tute,
547 3087 615 3148 pote,
644 3134 652 3182 l
838 3133 922 3184 besu
980 3131 996 3184 d

87 3198 114 3246 in
124 3197 157 3246 de
163 3145 263 3265 rpppppptt
272 3139 449 3256 hlahhhhlrll'yua
459 3138 516 3264 pgr:
525 3137 904 3264 lllrlllelmSehrhstllllplffalbol.o
925 3149 981 3264 owe,
997 3168 1004 3192 '

119 3261 147 3288 ¹¹
192 3267 270 3316 artrng
285 3253 321 3304 lor
334 3271 364 3303 an
379 3255 559 3323 opportumty3’
573 3251 686 3314 literally,
702 3253 823 3324 ‘bringing
834 3270 892 3306 ovar
902 3253 963 3311 (that
974 3269 1004 3311 rs,

46 3355 54 3366 .
88 3314 165 3376 ready
176 3323 202 3363 ιο
212 3315 265 3363 dart
276 3314 349 3363 down
358 3329 424 3374 upon
434 3313 481 3361 and
491 3314 812 3386 seizelancpportunrtyst·
946 3371 951 3382 ι

117 3373 245 3443 “Called
266 3373 329 3424 back
351 3374 411 3424 from
432 3373 576 3442 speaking·’
598 3372 650 3422 that
669 3389 699 3443 rs,
719 3374 758 3423 lus
779 3374 847 3444 mind
866 3381 1007 3424 sometimes

88 3433 196 3496 brought
213 3433 264 3482 lum
281 3443 307 3481 to
321 3433 363 3482 tha
379 3447 438 3493 very
454 3443 521 3492 point
537 3448 551 3482 ο
581 3431 723 3498 addressrog
739 3433 782 3484 the
797 3433 867 3496 ung.
885 3431 933 3484 sud
947 3432 1007 3484 tboa

1 3509 2 3513 ¹
90 3491 295 3558 againsuddeuly
305 3492 441 3544 drorehim
451 3491 523 3542 back.
