2294 3842
156 175 214 230 2⁴⁴
421 186 461 226 uu
484 185 591 226 essars
613 185 795 226 susxsrrmu.

155 314 206 352 uon
226 303 354 366 penetrat,
374 294 410 348 ita
429 293 533 347 alendis
555 293 676 364 frugibus
694 294 775 348 mitis.
810 293 862 348 Sed
881 293 996 360 adeo-in
1015 296 1062 353 illa

154 365 232 438 plaga
245 364 359 418 mundus
371 372 453 416 statas
465 375 612 432 temporum
626 364 699 416 vices
715 371 808 432 mutat,
822 371 858 434 ut,
872 380 934 416 oum
946 364 999 417 alia
1011 363 1059 420 fer·

155 451 215 487 vore
234 434 296 486 solis
314 442 477 501 exaestuant,
496 433 597 485 Indiam
617 433 693 485 nires
711 433 829 501 obruant,
847 450 997 504 rursusque,
1015 435 1059 488 nbi

156 515 243 556 cetera
263 503 354 572 rigent,
373 501 427 554 illic
446 501 623 554 intolerandus
640 511 730 554 aestus
748 501 852 554 existat.
888 503 947 556 Nec
959 505 1059 572 aperuit

155 590 184 626 se
197 581 304 624 naturae
317 589 406 624 causa.
435 571 512 624 Mare
524 581 603 637 certe,
617 588 668 640 quo
680 572 793 638 alluitur,
806 588 840 623 ne
853 571 939 624 colore
952 572 1058 642 quidem

155 641 276 694 abhorret
296 657 312 692 a
333 641 436 693 ceteris.
472 639 515 692 Ab
538 639 650 710 Erythro
672 657 698 692 re
719 657 734 692 e
754 639 866 694 inditum
888 651 928 694 est
948 659 1057 696 nomeu:

156 710 340 782 propterquod
354 709 434 778 ignari
447 709 540 761 rubere
553 726 635 777 aquas
647 725 690 760 cre
712 718 765 762 unt.

191 785 231 832 31.
251 779 333 831 Terra
355 779 399 831 lini
424 777 510 831 ferax:
536 778 598 830 inde
621 778 753 847 plerisque
777 789 836 832 sunt
855 788 954 832 vestes.
990 781 1059 836 Libri

156 849 278 902 arborum
296 848 379 901 teneri
398 847 467 899 haud
486 863 564 900 secus
581 864 662 916 qnam
680 847 806 917 chartae,¹
821 848 968 902 litterarum
989 861 1060 903 notas

156 920 270 988 capiunt.
307 920 380 970 Aves
396 917 429 968 ad
447 915 606 968 imitandum
624 915 757 982 humanae
769 917 841 970 vocis
854 935 950 971 sonum
962 919 1060 972 dociles

156 997 225 1040 sunt.
266 986 399 1040 Animalia
427 985 550 1038 inusitata
578 985 674 1037 ceteris
703 986 834 1056 gentibus,
865 987 916 1040 nisi
948 989 1059 1041 invecta.

156 1056 259 1111 Eadem
275 1065 342 1108 terra
356 1054 530 1107 rhinocerotas
547 1053 600 1123 alit,
620 1071 671 1107 uon
689 1057 817 1122 generat.⁹
851 1056 1061 1126 Elephantorum

156 1125 239 1195 major
258 1133 297 1178 est
319 1126 367 1192 vis,
391 1141 472 1193 quam
495 1140 561 1193 quos
584 1125 609 1175 in
633 1123 723 1176 Africa
746 1124 875 1179 domitant
883 1144 891 1196 5
915 1134 942 1179 et
963 1127 1061 1180 viribus

156 1194 310 1262 magnitudo
333 1193 480 1263 respondet.
524 1195 627 1246 Aurum
650 1193 760 1246 flumina
783 1194 890 1266 vehunt,
914 1213 985 1266 quae
1010 1196 1062 1250 leui

156 1263 314 1332 modicoque
326 1261 400 1332 lapsu
414 1279 508 1330 segnes
520 1279 603 1330 aquas
614 1261 720 1314 ducunt.
756 1263 885 1319 Gemmas
896 1267 1062 1336 margaritas·

156 1351 208 1403 que
225 1348 297 1385 mare
312 1332 431 1384 litoribus
442 1330 564 1384 infundit.
599 1332 695 1401 Neque
713 1331 765 1384 alia
783 1333 835 1386 illis
853 1335 937 1406 maja
955 1335 1061 1406 opulen-

156 1405 209 1456 tiae
226 1417 307 1454 eausa
324 1411 372 1469 est,
391 1401 481 1468 utique
499 1410 639 1470 postquam
656 1401 780 1454 vitiorum
798 1405 991 1458 commercium
1007 1404 1062 1458 vul·

155 1487 252 1542 gavera
273 1471 298 1523 in
318 1479 422 1523 exteras
438 1471 559 1537 gentes?
581 1471 625 1540 qui
647 1487 679 1539 pe
697 1471 870 1540 aestimantur
887 1485 1063 1542 purgamenta

156 1539 335 1593 exaestuantis
363 1538 421 1590 freti
450 1538 541 1617 pretio,
566 1487 645 1607 quoti
661 1538 741 1592 libido
767 1541 909 1594 constituit.
953 1543 1063 1612 Ingenia

155 1609 300 1678 hominnm,
326 1607 393 1661 siout
415 1605 521 1676 ubique,
545 1607 615 1677 apud
642 1608 701 1660 illos
726 1607 843 1664 locorum
866 1629 973 1680 qnoque
996 1614 1062 1666 situs

156 1679 270 1732 format.⁴
304 1677 415 1748 Corpora
433 1693 517 1746 usque
536 1677 627 1747 pedes⁵
638 1677 756 1731 carbaso⁶
767 1679 864 1749 velant,
878 1681 958 1734 soleis
971 1681 1060 1750 pedes,

156 1748 243 1817 capita
259 1746 349 1799 linteis
367 1746 500 1815 vinciunt;
521 1745 603 1816 lapilli
622 1763 656 1801 ex
673 1747 780 1800 auribus
797 1751 930 1818 pendent;
955 1750 1062 1805 brachia
1135 1777 1137 1816 t

156 1835 208 1887 quo
228 1834 261 1869 ue
281 1827 307 1868 et
326 1816 447 1868 lacertos⁷
464 1831 528 1868 auro
546 1816 640 1885 colunt,
660 1816 756 1886 quibus
773 1817 841 1870 inter
859 1821 1001 1890 populares
1018 1830 1062 1874 aut
1136 1819 1137 1830 ¹

156 1834 279 1940 nobiiitas
289 1895 334 1938 aut
346 1902 411 1956 opes
423 1885 549 1938 eminent.
585 1885 715 1955 Capillum
731 1895 840 1955 pectunt
853 1891 969 1960 saepius,
983 1907 1062 1960 quam

156 1955 264 2009 tondent
272 1972 279 2024 5
297 1965 419 2008 mentum
431 1971 536 2024 semper
548 1954 679 2008 intonsum
691 1965 748 2024 estj
767 1956 898 2026 reliquam
910 1958 962 2012 oris
974 1970 1062 2014 cutem
1135 1947 1137 2000 i

155 2026 188 2078 ad
201 2027 319 2094 speciem
332 2024 445 2077 levitatis
457 2035 614 2093 exaequant.

191 2100 231 2146 32.
250 2097 352 2162 Regum
363 2102 451 2146 tamen
463 2092 572 2162 luxuria,
583 2109 663 2162 quam
675 2093 723 2162 ipsi
736 2093 964 2162 magnificentiam
974 2116 991 2150 a
1009 2097 1062 2168 pel·
1136 2133 1137 2144 .

156 2164 218 2232 lant,
238 2182 316 2233 super
333 2163 450 2216 omnium
467 2162 586 2229 gentium
605 2163 678 2215 vitia.
715 2162 781 2216 Cum
802 2181 848 2217 rex
864 2167 939 2220 sein
959 2117 1061 2236 puhlioo

156 2233 273 2302 conspici
291 2234 393 2302 patitur,
412 2230 526 2284 turibula
543 2241 669 2300 argentea
686 2232 796 2284 ministri
814 2233 910 2306 serunt,
925 2246 1063 2307 totumque
1136 2233 1137 2272 t

84 2333 87 2340 -
156 2301 213 2369 iter,
237 2319 284 2370 per
303 2301 372 2369 quod
396 2300 456 2352 ferri
479 2300 628 2369 destinavit,
649 2301 771 2354 odoribus
793 2304 938 2373 complent.
975 2311 1063 2360 Aurea

155 2481 219 2528 blow
230 2479 290 2526 from
302 2478 342 2526 the
354 2479 431 2526 north.
1136 2495 1137 2498 ¹

185 2537 282 2607 {Baper
290 2538 358 2586 made
368 2538 395 2584 os
402 2537 442 2585 the
454 2537 510 2586 reed
517 2552 633 2601 papyros,
644 2542 685 2590 the
695 2542 804 2603 ordinary
813 2545 945 2594 substance
956 2549 1019 2596 used
1028 2547 1064 2597 for
1135 2523 1137 2576 i

155 2610 252 2658 wrrtrng
263 2612 325 2655 upon
337 2607 359 2644 at
372 2596 459 2645 Rome.

183 2657 257 2705 ²The
269 2657 380 2724 meaning
391 2657 420 2713 is,
431 2657 482 2704 that
492 2655 560 2705 these
572 2657 673 2706 animale
684 2675 752 2708 come
763 2661 799 2708 sin
818 2661 842 2720 ly
850 2661 911 2711 from
924 2664 967 2712 the
978 2665 1036 2734 neig
1054 2693 1063 2704 ·

155 2717 257 2776 bouring
268 2725 402 2772 countnes3
416 2733 434 2764 e.
440 2734 464 2778 g.
476 2715 536 2763 from
545 2716 566 2764 F
568 2717 650 2764 urther
658 2717 727 2766 India
735 2720 785 2767 into
794 2677 881 2769 linha
890 2721 970 2780 India,
982 2724 1063 2773 whreh

156 2776 225 2824 alone
236 2776 374 2823 onrauther
385 2774 542 2824 understands
553 2777 586 2835 by
597 2775 675 2825 ludio.

184 2835 279 2889 ’Quite
291 2844 389 2904 correct.
416 2840 429 2902 j
436 2834 490 2882 The
506 2834 604 2902 Indians
620 2836 691 2883 make
707 2853 735 2942 gr

155 2893 1062 3021 titt’.ttttttit.3.¹tttt‚ltt¹{l}tltttrtt.lsst⁸tt⁰.ttf².tltlt

155 3019 246 3072 agreat
258 3011 393 3066 wealrness)
404 3020 429 3058 to
439 3010 529 3072 foreign
541 3013 650 3059 nanons.’

735 2846 773 2885 eat
788 2837 844 2898 gain
859 2839 892 2898 by
904 2839 946 2888 the
959 2842 1027 2892 trade
1039 2843 1063 2890 in
1135 2887 1137 2892 ,

185 3068 275 3115 “The
291 3069 405 3117 situation
416 3070 529 3124 (climate)
540 3069 567 3116 of
578 3071 619 3118 the
635 3082 707 3119 count
739 3082 806 3130 ‚too‚
819 3073 863 3122 has
878 3089 893 3122 a
908 3087 977 3136 great
990 3077 1061 3126 influ-
1136 3075 1137 3128 i

155 3142 214 3196 once
231 3125 254 3174 in
271 3127 373 3195 forming
384 3127 425 3175 the
436 3128 590 3196 dispositione
602 3129 629 3177 of
640 3130 682 3178 the
699 3131 722 3178 in
740 3130 870 3190 abitants;’
889 3133 941 3182 that
953 3136 983 3194 is,
999 3137 1064 3185 their

154 3185 962 3300 innoninitiant-⁶iturrrtttrtut..

182 3309 192 3334 ⁸
204 3309 210 3330 ⁴
220 3303 309 3350 Cotton
320 3303 384 3350 cloth
393 3304 409 3359 3’
427 3262 512 3362 pluiah
524 3263 613 3354 corbugsei
623 3264 817 3356 trriilllcrzrbirihsa1
844 3266 919 3312 mque
968 3257 1050 3317 Mu·

183 3361 325 3409 'Brachium
336 3360 356 3407 is
367 3360 407 3408 the
422 3373 473 3420 part
488 3363 516 3409 of
527 3363 568 3410 the
584 3381 635 3412 arm
650 3367 711 3428 from
727 3367 767 3414 the
782 3366 846 3415 haud
861 3376 887 3415 to
902 3369 945 3418 the
962 3372 1061 3428 elbon

154 3417 263 3474 laomor,
277 3417 317 3466 the
328 3417 407 3478 fleshy
417 3430 468 3480 part
480 3420 539 3469 from
551 3420 591 3469 the
602 3423 682 3472 elbow'
693 3434 719 3473 to
729 3425 769 3474 the
780 3425 901 3477 shoulder.
