2294 3842
149 185 210 242 ΜΟ
417 197 458 239 us
480 197 588 238 orama
608 177 792 240 maximi.

150 315 308 362 cumeoutus
330 315 395 377 erat,
419 315 447 360 et
470 305 614 376 pertinacia
637 305 696 358 Pori
718 306 831 376 cognita,
854 305 965 370 natabat
987 306 1066 378 resis-

151 375 267 430 tentibus
289 376 369 444 parci.
417 377 486 444 Ergo
509 374 626 444 undique
649 384 677 427 et
699 375 725 426 in
746 375 850 446 pedites
872 386 900 428 et
924 377 953 428 in
976 377 1066 445 ipsum

152 447 247 500 Porum
273 445 326 498 tela
349 456 476 513 congesta
500 456 574 498 aunt:
598 445 658 514 quis
681 444 789 498 tandem
808 455 934 512 gravatus
953 445 1007 501 labi
1032 462 1067 500 ex

152 515 230 569 belua
252 514 348 583 coepit.
384 515 473 582 Indus,
493 515 540 584 qui
563 514 735 584 elephantum
759 515 876 584 regebat,
897 515 1065 570 descendere

152 601 215 638 aum
239 593 318 652 ratus,
342 601 415 638 more
439 583 520 636 solito
537 583 710 653 elephantum
732 583 906 652 procumbere
933 585 1013 654 jussit
1038 585 1063 637 in

151 669 254 722 genua:
273 653 320 722 qui
337 663 367 706 ut
384 669 413 706 ee
431 652 563 721 submisit,
576 651 659 706 ceteri
677 669 712 720 qu
750 669 792 722 ue,
805 654 841 705 ita
859 652 932 706 enim
952 653 1066 708 instituti

151 735 234 791 erant,
258 722 391 776 demisere
414 739 522 791 corpora
545 721 571 774 in
596 729 701 774 terram.
802 739 845 774 res
868 732 896 774 ct
920 724 1021 776 Porum
1041 732 1066 776 et

152 794 264 846 oeteroa¹
277 792 420 846 victoribus
431 790 545 844 tradidit.
992 841 997 848 ,

188 867 230 914 51.
249 863 307 916 Rex
325 861 430 942 spoliari
449 878 544 930 corpus
563 858 629 927 Pori,
647 858 837 928 interemptum
858 878 919 914 esse
942 863 1066 930 credens,

152 929 235 1002 jubet,
260 941 287 984 et
309 948 355 1000 qur
377 929 547 984 detraherent
569 928 678 982 loricam
701 937 867 999 restemque,
891 947 1053 984 concurrere
1060 947 1067 1000 3

154 1019 216 1055 curn
241 1001 320 1054 belna
346 1000 483 1052 dominum
507 999 572 1052 tueri
597 1008 625 1051 et
648 997 790 1066 spoliantes
818 1000 905 1068 coepit
927 1013 1068 1072 appetere,

153 1071 326 1140 levatumque
346 1087 441 1138 corpus
460 1069 519 1139 ejus
538 1085 626 1120 rursus
645 1067 721 1120 dorso
738 1084 785 1119 suo
802 1069 838 1120 im
876 1071 962 1122 nere.2
998 1071 1068 1139 Ergo

154 1141 215 1194 telis
234 1139 348 1210 undique
365 1139 491 1205 obruitur,
509 1138 682 1206 confossoque
701 1154 741 1206 eo,
760 1139 787 1191 in
807 1154 839 1190 ve
861 1138 963 1192 iculum
984 1141 1087 1193 Porus.
1135 1187 1136 1192 ,

155 1209 192 1264 im
227 1210 304 1262 nitur.
340 1209 427 1268 Quem
445 1225 491 1260 rex
508 1216 538 1260 nt
556 1207 623 1259 vidit
641 1206 802 1260 allevantem
815 1208 914 1277 oculos,
928 1225 980 1260 non
999 1209 1068 1278 odio,

155 1296 184 1332 se
223 1278 389 1332 miseratione
407 1288 563 1346 commotus,
577 1277 660 1346 Quae,
673 1276 783 1345 malurn,
796 1277 889 1346 inquit,
902 1279 1025 1330 amentia
1043 1289 1069 1340 te

154 1348 250 1416 coegit,
264 1364 350 1402 rerum
363 1363 483 1400 meamm
495 1347 599 1414 cognita
611 1347 691 1417 lama,
705 1345 768 1399 belli
785 1347 919 1400 fortunam
937 1349 1068 1416 experiri:

154 1434 218 1470 curn
237 1416 337 1470 Taxilis
357 1424 428 1468 esset
449 1418 474 1468 in
494 1415 598 1468 deditos
614 1415 774 1470 clementiae
792 1433 870 1468 meae
888 1426 943 1470 tarn
964 1419 1068 1488 propin-

154 1502 237 1555 quum
261 1488 308 1539 tibi
331 1485 485 1555 exemplum
494 1485 517 1538 l³
532 1539 539 1548 ,
552 1487 588 1538 At
607 1485 660 1554 ille,
680 1485 820 1554 Quoniam,
843 1485 935 1554 inquit,
957 1504 1068 1557 percon·

154 1557 225 1618 teris,
240 1553 402 1624 respondebo
415 1571 448 1606 ea
460 1553 589 1623 libertate,
599 1571 681 1623 quarn
693 1554 874 1624 interrogando
887 1555 984 1608 fecisti.
1014 1557 1068 1610 Ne-

153 1624 256 1677 minem
275 1641 318 1676 rne
337 1623 469 1678 fortiorem
486 1639 547 1677 esse
566 1623 719 1679 censebam.
756 1625 835 1678 Meas
850 1625 923 1678 enirn
939 1643 1069 1679 noveram

154 1693 232 1760 vires,
252 1692 368 1746 nondum
387 1702 511 1762 expertus
529 1702 603 1746 tuas:
623 1693 757 1746 fortiorem
770 1710 831 1746 esse
844 1703 878 1762 te,
892 1693 958 1750 belli
977 1695 1069 1748 docuit

153 1773 274 1816 eventus.
310 1762 361 1815 Sed
375 1779 408 1816 ne
421 1762 577 1831 sicquidem
596 1779 689 1832 parurn
702 1761 768 1815 felix
779 1780 847 1833 sum,
861 1765 998 1821 secundus
1010 1765 1067 1818 tibi.

153 1833 254 1888 Rursus
271 1833 451 1912 interrogatus,
464 1831 551 1901 quidi
613 1831 740 1884 victorem
752 1841 867 1885 statuere
885 1833 987 1886 debere
1006 1852 1065 1887 een·

154 1905 244 1956 seret.⁴
277 1901 353 1961 Quod
372 1900 425 1970 hic,
444 1899 534 1970 lnquit,
574 1902 612 1954 ies
629 1901 678 1954 tibi
695 1900 797 1968 suadet,
814 1918 866 1970 quo
882 1913 1011 1972 expertus
1029 1921 1066 1972 es,

153 1989 235 2052 quam
253 1971 354 2024 caduca
372 1971 486 2024 felicitas
503 1971 593 2023 esset.⁵
629 1970 691 2024 Plus
705 1970 837 2023 monendo
850 1972 971 2040 profecit,
986 1990 1066 2042 qnam

154 2059 176 2094 sr
187 2053 309 2111 precatus
321 2049 401 2095 esset.
436 2040 540 2110 Quippe
557 2039 769 2108 magnitudinem
787 2041 869 2093 animi
886 2039 948 2111 ejus
965 2043 1065 2096 interri-

154 2119 218 2180 tam,
230 2127 263 2162 ac
275 2128 308 2163 ne
321 2110 425 2162 fortuna
436 2111 545 2180 quidem
558 2109 706 2179 infractam,
719 2126 769 2162 non
783 2109 965 2162 misericordia
978 2113 1064 2180 modo,

153 2179 303 2232 sedetiam
326 2179 423 2233 honora
446 2179 569 2248 excipere
592 2177 716 2246 dignatus
739 2187 788 2232 est.
825 2181 943 2248 Aegrum
964 2182 1066 2234 curarit

153 2247 224 2302 haud
243 2266 329 2317 secus,
342 2266 423 2318 quarn
437 2249 460 2301 si
472 2265 517 2327 pro
530 2247 586 2318 ipso
599 2243 758 2318 pugnasset,
775 2247 962 2302 confirmatum
976 2262 1066 2304 contra

152 2333 230 2387 spem
247 2319 367 2371 omnium
383 2317 410 2370 in
428 2333 575 2370 amrcorum
593 2334 734 2372 numerum
751 2317 865 2387 recepit,
884 2335 947 2372 mox
959 2318 1066 2376 donarit

182 2480 189 2502 ¹
202 2472 261 2521 ‘All
271 2473 313 2520 tha
324 2473 406 2522 others
417 2489 443 2521 as
454 2473 511 2522 well
522 2489 549 2522 as
561 2473 655 2522 Ροιιιι.Ι

181 2544 1064 2607 ⁸WhenthefaithfulanimalsawtheenemiesflcokingtowardsPorus,
1135 2589 1136 2592 ,

152 2605 272 2666 supposed
290 2616 314 2653 to
331 2609 360 2654 be
377 2605 446 2661 dead,
460 2606 477 2654 it
494 2606 618 2666 protected
633 2607 692 2662 him,
705 2605 790 2654 struck
805 2617 829 2653 at
845 2606 915 2655 those
927 2608 986 2656 who
1003 2624 1065 2657 were

154 2667 257 2736 buaying
268 2665 416 2714 themselves
425 2667 497 2714 about
507 2665 545 2712 his
555 2665 627 2725 body,
636 2665 683 2714 and
691 2664 859 2714 endeavoured
867 2674 893 2713 to
902 2667 965 2715 mise
974 2667 1026 2718 him
1035 2683 1066 2728 up
1135 2677 1136 2680 ’

152 2742 231 2787 agam,
245 2726 291 2774 und
302 2736 339 2774 set
351 2725 400 2774 him
413 2741 477 2784 upon
487 2725 518 2772 its
528 2725 597 2772 back.

181 2805 190 2829 ⁸
203 2791 288 2848 ‘Since
301 2816 348 2860 you
359 2799 406 2848 had
417 2799 441 2846 in
451 2799 493 2847 the
505 2814 560 2846 case
571 2797 599 2845 of
605 2797 707 2846 Taxiles
718 2813 747 2846 so
757 2813 815 2846 near
825 2813 855 2844 an
867 2798 977 2847 instance
989 2799 1019 2847 of
1025 2815 1064 2860 my
1135 2813 1136 2816 ’

152 2859 278 2929 clemency
289 2870 313 2908 to
324 2860 394 2908 those
406 2859 461 2906 who
472 2856 605 2906 submitted
615 2866 640 2903 to
651 2857 707 2903 me.'
739 2855 877 2919 Eennplum
887 2857 945 2905 here
960 2873 1065 2918 govems
1135 2865 1136 2888 l

153 2928 202 2966 two
212 2920 340 2980 gemdres,
357 2919 448 2968 Tacitis
460 2917 506 2965 and
516 2917 656 2966 clementiae.
691 2914 783 2964 Taxilis
795 2916 815 2963 is
827 2919 976 2978 agonisticus
987 2935 1063 2980 opene-
1135 2953 1136 2968 r

152 2981 260 3088 ᾗετὶειιε.ᾖ
264 2994 291 3026 or
302 2979 468 3038 explanatory,
486 2976 522 3024 for
537 2975 639 3024 'l'axiles
654 2973 789 3023 himselfis
805 2974 847 3022 the
863 2976 985 3035 example.
1019 2977 1064 3025 See
1134 2991 1136 3028 t

179 3052 234 3084 rara.
271 3041 323 3087 274.
1135 3033 1136 3052 ¹

179 3109 292 3156 “What
304 3125 355 3158 was
365 3111 404 3159 his
414 3127 470 3158 own
485 3109 582 3170 opinion
598 3123 625 3156 as
641 3117 666 3156 to
681 3107 723 3156 tlre
738 3107 788 3156 fate
804 3109 856 3156 that
873 3107 915 3156 the
931 3123 1065 3169 conqueror

152 3168 238 3219 should
249 3169 345 3227 appoint
357 3169 393 3217 for
403 3170 470 3217 him!

180 3243 246 3291 ·we
258 3241 345 3292 noun
355 3253 441 3300 expect
452 3245 492 3291 an.
524 3242 624 3291 aurine
637 3209 987 3292 natrnrnnmarona'ortne
1003 3243 1064 3292 nrm

149 3302 356 3422 pf⁵narrptdiolpnby
373 3301 414 3350 the
430 3301 555 3362 imperfect
570 3302 596 3350 in
610 3300 746 3360 dependent
762 3301 866 3350 clauses.
898 3301 946 3350 See
963 3301 1053 3362 Zumpt

223 3395 229 3418 ,
325 3393 331 3406 .
