2274 3844
447 247 540 288 mn
559 247 613 287 ru.
931 230 986 287 18³

57 355 105 412 Tu
134 361 264 428 Amynta,
282 357 390 426 ignoaoe
407 355 480 409 fratri
500 367 553 409 tuo.
589 357 647 410 Erit
663 355 715 410 hoc
725 356 889 428 eimpHciter¹
906 356 988 410 etiam

58 399 138 483 mihi
150 428 314 481 reconciliati
326 425 408 478 animi
421 427 457 479 tui
470 426 575 496 pignus.

100 504 130 552 7.
149 495 281 550 Contione
305 496 404 549 deinde
428 495 546 562 dimisae,
571 494 764 565 Polydamanta
790 496 989 566 vocari-jubet.

59 567 164 637 Longe
196 565 403 636 acceptissimus
425 564 594 618 Parmenioni
617 574 681 634 erat,
705 566 841 635 proximus
863 567 939 619 lateri
962 567 990 620 iu

59 638 129 690 acie
144 647 214 689 stare
227 637 328 689 solitus.
359 635 393 688 Et
405 651 568 703 quamquam
581 636 743 687 conscientia
754 635 839 687 iretua
850 638 876 688 iu
888 637 990 704 regiam

59 715 191 776 venerat,
211 717 309 772 tamen,
328 714 358 757 ut
379 703 470 774 jussus
489 713 530 756 est
553 703 648 756 iratres
664 720 727 756 auoa
744 704 878 774 exhibere,
896 706 989 758 admo-

62 777 152 830 dum²
168 777 284 846 juvenca
301 782 328 826 et
347 774 401 841 regi
418 774 522 840 ignotos
538 773 573 826 ob
589 782 715 842 aetatem,
734 773 832 826 fiducia
849 776 874 826 in
894 775 990 828 acilici-

62 847 195 899 tudinem
210 862 294 913 reraa,
308 843 438 912 trepidare
450 843 544 912 coepit,
557 844 664 912 aaepiue
681 859 750 912 quae
767 859 863 896 nocere
875 853 990 913 poscent,

63 933 155 986 quarn
180 915 279 983 quibus
302 930 332 966 aa
351 921 477 980 tueretur,
495 921 628 982 reputans.
663 913 725 966 lam
744 914 876 982 armigeri,
894 914 992 982 quibua

65 986 237 1054 imperatum
261 993 326 1052 erat,
349 981 526 1052 produxerant
554 999 608 1050 eoa,
632 999 696 1035 cum
724 999 889 1050 exsanguem
916 993 992 1036 metu

65 1053 271 1124 Pulydamanta
283 1069 328 1122 pro
349 1053 389 1104 ius
403 1050 533 1103 accedere
550 1050 641 1121 jubet:
660 1051 842 1122 submotiaque
859 1053 991 1121 omnibuq

66 1125 191 1191 Scelere,
213 1123 307 1191 inquit,
328 1069 510 1174 Parmenionis
528 1137 623 1173 omues
642 1121 740 1190 pariter
758 1122 871 1242 appetiti
890 1139 991 1190 eumue,

66 1193 197 1246 maxime
210 1209 259 1260 ego
270 1208 303 1243 ac
315 1200 352 1260 tu,
365 1207 432 1260 quoa
449 1190 583 1242 amicitiae
602 1192 691 1261 specie
709 1189 775 1244 leiel
787 1193 815 1243 it.
851 1191 892 1244 Ad
910 1207 992 1260 quem

67 1263 294 1332 persequendum
311 1259 530 1330 puniendumque
549 1259 622 1330 (vide
639 1270 769 1330 quantum
786 1261 851 1314 fidei
862 1270 925 1314 tuae
937 1277 993 1314 cre·

69 1332 153 1400 dam)
165 1343 192 1384 te
204 1331 325 1384 ministro
338 1331 375 1382 uti
388 1329 477 1382 atatui.
511 1329 633 1398 Obsides,
645 1330 712 1382 dum
729 1330 780 1384 hoe
792 1331 904 1400 peragis,
916 1339 994 1384 eruut

69 1402 173 1454 fratrea
191 1402 239 1454 tui.
276 1400 446 1453 Proficiscere
464 1400 491 1452 in
509 1399 639 1468 Mediam,
653 1409 681 1452 et
697 1399 732 1453 ad
750 1400 899 1470 praefectos
916 1416 993 1454 meua

71 1471 181 1524 litteras
193 1471 305 1539 scriptas
321 1486 402 1522 manu
421 1486 484 1521 mea
501 1469 596 1538 perier.
631 1468 782 1523 Velocitate
799 1487 867 1540 opus
878 1479 927 1538 est,
940 1485 994 1539 qua

72 1541 248 1593 celeritatem
259 1539 348 1591 lamae
360 1537 514 1592 antecedas.
549 1539 636 1590 Noetu
648 1540 787 1608 pervenire
805 1541 869 1592 illuc
886 1549 914 1592 te
925 1540 993 1608 volo,

2 1658 8 1664 .
72 1623 184 1682 postero
205 1609 256 1678 die,
277 1625 346 1730 quae
366 1608 464 1678 scripta
482 1616 566 1676 erunt,
586 1609 692 1677 exequi.
728 1609 772 1662 Ad
791 1609 994 1663 Parmenionem

74 1695 187 1750 quoque
199 1679 284 1750 epieto
294 1695 325 1730 ae
341 1676 420 1747 leree,
433 1695 514 1730 uuam
526 1694 543 1729 a
554 1694 608 1746 me,
620 1678 733 1732 alteram
750 1678 870 1732 Philotae
887 1680 995 1732 nomine

74 1751 217 1818 scriptam.
252 1747 362 1816 Signum
379 1747 453 1800 anuli
464 1746 524 1816 ejue
536 1746 562 1800 iu
574 1765 637 1800 mea
647 1756 779 1817 potestate
796 1758 846 1802 eat.
881 1748 909 1802 Si
921 1758 997 1820 peter

73 1819 172 1872 credet
184 1835 201 1870 a
212 1816 266 1870 filio
278 1818 446 1887 impressum,
460 1833 523 1869 cum
535 1825 562 1870 ta
573 1816 683 1888 rideret,
696 1817 761 1871 nihil
772 1827 885 1871 metuet.

111 1893 141 1942 8.
161 1887 330 1956 Polydamas,
360 1895 432 1939 tanto
461 1886 587 1940 liberatus
614 1896 688 1940 metu
727 1886 875 1956 impensius
903 1887 998 1940 etiam⁸

75 1974 164 2028 quarn
183 1957 344 2025 exigebatur,
357 1956 484 2026 promittit
501 1973 619 2026 operam.
655 1926 878 2026 Collaudarusque
895 1964 923 2008 et
940 1972 996 2026 pro·

75 2027 173 2080 missia
190 2037 321 2093 oneratus,
340 2026 460 2096 deposita
476 2035 560 2095 reste,
580 2042 661 2095 quatu
678 2025 803 2094 habebat,
823 2025 938 2078 Arabica
956 2024 995 2077 iu·

45 2135 48 2142 .
76 2097 192 2150 duitur.⁴
226 2097 284 2150 Duo
307 2095 417 2165 Arabes,
441 2113 553 2166 quorum
576 2095 683 2149 interim
705 2093 832 2164 conjuges
853 2111 887 2146 ae
909 2094 995 2164 liberi,

76 2167 220 2220 vinculum
232 2165 304 2235 fidei,
317 2165 423 2217 obsidea
434 2165 505 2235 apud
517 2182 609 2234 regem
620 2172 703 2234 erant,
715 2164 771 2216 dati
789 2165 909 2217 comites.
946 2163 997 2216 Per

77 2235 190 2290 deserta
202 2236 284 2288 etiam
296 2233 330 2288 ob
348 2235 499 2288 siccitatem
514 2234 579 2304 loca,
592 2234 704 2288 camelis
714 2233 858 2288 undecima
869 2233 934 2302 die,⁶
944 2249 997 2302 quo

78 2306 272 2374 destinaverat,
291 2305 455 2374 perveniunt.
493 2305 617 2373 Etpriua
634 2321 715 2374 quam
733 2304 816 2373 ipaiua
833 2305 997 2357 nuntiaretur

78 2375 222 2444 adventus,
236 2391 325 2428 rursus
342 2373 502 2444 Polydamas
519 2383 622 2427 vestem
639 2373 843 2427 Macedonicam
862 2373 951 2442 sumit,
969 2381 997 2426 et

78 2445 107 2498 iu
130 2443 336 2498 tabernaculum
356 2442 477 2496 Cleandri
501 2445 614 2512 (praetor
635 2441 679 2497 hic
702 2444 790 2512 regius
812 2444 880 2515 erat)
903 2451 996 2513 quarta

79 2514 174 2584 vigilia
187 2513 316 2583 pervenit.
351 2513 472 2566 Redditis
483 2511 580 2564 deinde
592 2513 694 2583 litteris,
707 2515 899 2567 constituerunt
911 2514 996 2582 prima

78 2584 145 2639 luce
157 2584 192 2636 ad
206 2583 406 2636 Parmenionem
419 2582 510 2634 coire.⁸
543 2583 670 2652 Namque
681 2585 763 2637 ceteri
774 2599 887 2653 quoque,
899 2583 997 2652 quibua

79 2653 186 2706 litteras
205 2652 276 2720 regis
290 2651 420 2715 attulerat,
433 2651 469 2704 ad
487 2668 550 2704 eum
566 2653 671 2706 venturi
688 2661 769 2706 erant.
807 2654 870 2706 Jarn
887 2653 995 2705 Parme·

80 2723 156 2776 nioni
168 2719 362 2790 Polydamanta
378 2721 483 2774 venisse
501 2721 694 2775 nuntiaremut.
730 2721 863 2780 Quidum
883 2721 996 2773 laetatur

79 2793 201 2845 adventu
222 2790 310 2870 amici,
330 2789 462 2859 simulque
480 2791 613 2860 noscendi,
631 2809 701 2862 quae
720 2808 767 2845 rex
785 2798 884 2858 ageret,
900 2789 996 2842 avidus

110 2861 194 2930 uippe
207 2859 284 2927 longo
303 2858 438 2912 mtervallo
456 2859 555 2913 nullam
575 2860 610 2913 ab
627 2878 659 2913 eo
677 2859 815 2939 epistolam
833 2859 994 2929 acceperat),

78 2863 277 3000 ilqolydamanta
297 2929 393 2997 requiri
412 2928 496 2998 jubet.
532 2930 680 2981 Direraoria
698 2929 812 2996 regionis
832 2927 901 2980 illius
919 2945 994 2996 mag·

108 3049 116 3070 ¹
130 3040 322 3101 ‘Completely,’
336 3041 542 3102 ‘uureservedly‚’
555 3041 688 3089 connected
700 3039 758 3088 with
770 3042 919 3089 reretrcilr‘oti.

106 3101 267 3157 “Rather3'
280 3109 490 3161 noteoatrongaa
501 3103 577 3156 valde,
593 3100 682 3160 ‘very’
923 3129 927 3138 ·

108 3165 117 3190 ¹
130 3160 204 3208 ‘Still
215 3174 281 3207 more
292 3158 396 3207 aealousl
425 3175 452 3207 or
462 3157 649 3219 emphatically!
682 3158 729 3206 See
740 3157 838 3219 Zumpt,
851 3158 865 3211 l
876 3161 928 3208 lut.

107 3225 117 3248 ⁴
130 3224 137 3246 ‘
148 3219 187 3267 He
200 3218 296 3266 dreaaea
307 3175 414 3266 himself

109 3279 192 3327 ‘Thia
204 3293 255 3324 was
266 3293 280 3324 a
290 3277 424 3325 remarkabl
452 3276 519 3336 rapid
531 3276 643 3336 journey,
656 3290 701 3324 one
712 3275 793 3325 which
808 3276 879 3326 could
894 3277 952 3338 only
962 3279 994 3328 be

78 3337 218 3397 performed
230 3335 289 3384 with
299 3351 359 3396 very
369 3336 414 3384 swi
426 3345 434 3383 t
446 3335 543 3384 camela.
576 3334 647 3383 With
658 3335 768 3397 ordinary
778 3337 869 3385 camela
879 3337 921 3384 the
933 3337 992 3386 time

79 3412 139 3445 occu
157 3396 199 3444 ied
209 3411 260 3442 waa
272 3394 330 3442 from
342 3396 417 3455 tlrirty
428 3405 452 3442 to
463 3393 526 3454 iorty
536 3393 604 3456 days.

106 3461 115 3486 ¹
156 3465 183 3504 ot
195 3453 252 3513 only
263 3452 332 3504 theaa
343 3464 401 3512 two,
415 3455 458 3503 but
473 3453 525 3502 aleo
541 3453 582 3502 the
598 3453 689 3515 othere,
698 3455 758 3506 -uho
768 3471 808 3505 are
819 3454 957 3506 mentioned
968 3455 993 3507 iu

80 3514 121 3564 the
131 3522 193 3564 next
203 3522 327 3562 aeuteuee.

419 3219 460 3266 in.’
