2294 3842
132 267 189 324 8⁰8
398 283 437 322 ne
460 281 567 322 onsrrs
589 280 771 321 nuaxuaoar.

131 392 264 459 incognita
282 408 371 460 causa,
385 392 498 460 captivis
515 392 569 443 suis
586 389 751 456 ducentibus,
770 387 911 441 trahuntur
927 385 962 439 ad
981 399 1042 455 pce·

130 461 208 514 narn!
246 461 272 513 Si
293 471 406 514 mortem
426 462 554 513 meruisse
572 459 685 538 judicas,
708 459 805 510 saltem
826 457 962 510 ministros
981 472 1041 525 sup-

148 531 200 583 licii
219 540 301 582 muta.
338 531 434 584 Amico
448 533 546 596 auimo,
560 547 581 582 sr
600 529 656 581 reri
675 529 779 598 patiens
797 527 899 592 fuisset,
914 526 1041 577 admone-

165 611 213 668 tur,
234 600 282 652 sed
303 600 329 652 in
352 600 462 652 rabiem¹
483 599 521 651 ira
540 608 705 668 pervenerat.
741 597 834 665 ltaque
856 613 946 648 rursus
968 595 1043 666 (nam

129 685 271 738 parumper
293 669 390 738 quibus
414 669 570 738 imperatum
595 679 651 720 erat
674 666 882 734 dubitaverant),
906 663 996 734 mergi
1017 667 1044 716 in

128 755 245 806 amnem,
266 739 334 792 sicut
354 739 435 790 vincti
456 751 536 806 erant,
555 737 642 807 jussit.
678 737 720 790 Ne
740 735 791 788 hoc
811 735 923 804 quidem
945 733 1044 803 suppli·

128 809 201 861 cium
220 808 377 860 seditionem
400 807 515 860 militurn
534 809 625 860 morit.
659 807 784 875 Namque
803 807 941 875 copiarum
959 804 1046 856 duces

128 887 154 929 at
176 895 209 930 ue
233 879 334 930 amicos
357 876 414 946 ejus
438 876 565 945 manipuli
595 876 694 930 adeunt
717 884 849 945 petentes,
875 885 905 926 ut
930 873 952 927 si
976 890 1046 942 quos

128 895 218 1000 cdluc
231 947 339 1015 pristina
351 963 419 998 nona
430 945 562 1014 judicaret
574 963 633 998 esse
646 954 790 1014 contactos,
801 944 910 1016 juberet
919 943 1045 1013 interfici,

128 1015 386 1086 offerreseeorpora
399 1015 461 1084 irae,
475 1015 617 1068 trucidaret
654 1016 671 1050 ⁴*
707 1017 724 1051 ¹*
761 1016 795 1080 a,

400 1181 584 1216 mmmm
605 1181 767 1214 ratramni.

161 1259 283 1322 (Pandam
295 1275 353 1322 prae
364 1259 444 1308 dolore
452 1259 493 1307 rix
504 1260 594 1307 mentis
605 1265 727 1322 compotes
737 1257 843 1306 universi
852 1265 1007 1306 concernunt
1014 1257 1047 1306 ad

129 1325 233 1385 regiam,
244 1323 366 1387 armisque
378 1331 434 1372 ante
447 1325 509 1372 sores
521 1325 639 1389 projectis,
646 1325 749 1372 tunicati
761 1330 878 1381 aemntes,
888 1325 957 1370 nuda
969 1329 996 1373 et
1006 1325 1046 1373 ob-

129 1391 203 1438 noxia
212 1391 295 1451 poenis
302 1405 401 1452 corpora
410 1389 506 1438 admitti
515 1389 602 1438 flentes
609 1391 718 1440 orabant.
742 1389 765 1436 N
766 1405 798 1437 on
805 1405 832 1436 se
840 1388 980 1450 deprecari,
987 1389 1046 1452 quin

129 1455 255 1516 mppliciis
267 1456 373 1503 sontium
385 1455 546 1516 expiarentur,
556 1471 617 1518 quae
628 1471 671 1517 per
681 1455 863 1502 contumaciam
877 1453 1046 1516 deliquissent.

129 1519 206 1584 Regis
216 1520 368 1568 iracundiam
376 1519 423 1567 sibi
432 1526 509 1568 morte
517 1521 646 1568 histiorem
656 1536 717 1568 esse.
733 1521 843 1582 Cumque
851 1519 905 1567 dies
913 1527 1045 1582 noctesque

129 1591 186 1632 ante
195 1584 290 1648 regiam
300 1584 462 1646 persistentes,
470 1585 605 1634 miserabili
613 1586 719 1634 clamore
727 1584 857 1647 habituque
866 1583 1045 1647 poenitentiam

129 1649 376 1710 auamapprobarent;
384 1650 484 1698 biduum
490 1657 573 1698 tamen
580 1650 844 1698 adversushumilimas
852 1666 954 1698 suorum
961 1667 1045 1712 preces

129 1714 258 1762 iracundia
265 1714 331 1778 regia
339 1714 442 1763 duravit.
466 1713 552 1764 Tertio
561 1715 600 1763 dic
608 1715 686 1764 victus
696 1715 834 1763 constantia
842 1713 984 1777 supplicum
995 1732 1046 1777 pro·

129 1779 1046 1842 cessitincusataqueleniterexereitusimmodcstiamonsinemnltisutrin·
1078 1813 1080 1817 -

128 1861 175 1908 que
187 1844 303 1903 lacrimis,
315 1845 341 1892 in
352 1845 459 1910 gratiam
471 1863 498 1894 se
516 1861 572 1894 oum
582 1845 641 1908 ipsis
653 1846 732 1893 redire
745 1845 866 1907 profusam
878 1851 923 1893 est
961 1845 1046 1910 Digna

129 1918 211 1960 tamen
219 1927 258 1959 res
265 1911 317 1958 risa
324 1917 434 1976 estquae
441 1910 572 1977 majoribus
578 1911 663 1960 hostiis
671 1911 815 1973 expiaretur.
830 1910 916 1972 Itaque
925 1911 1047 1959 sacrificio

129 1977 260 2041 magnifice
267 1982 412 2038 perpetrato,
418 1977 581 2025 Macedonum
589 1977 663 2024 simul
671 1975 847 2038 Persarumque
855 1976 978 2038 primores
986 1975 1047 2024 invi-

129 2043 189 2091 tavit
201 2043 231 2090 ad
244 2042 333 2106 epulas.
367 2041 460 2090 Novem
471 2041 542 2090 milia
553 2058 582 2089 eo
593 2041 703 2090 convivio
720 2041 852 2102 excepisse,
864 2041 992 2102 proditum
1010 2047 1048 2090 est

129 2107 270 2165 memoriae,
281 2122 367 2169 eosque
378 2123 463 2156 omnes
475 2107 593 2155 invitante
604 2123 664 2172 rege
676 2123 706 2155 ex
718 2107 803 2155 eodem
816 2112 910 2154 cratere
922 2106 1047 2167 libauisse,

128 2173 231 2221 Graeci
238 2173 394 2235 barbarisque
406 2173 501 2220 vatibus
512 2179 565 2220 tum
578 2171 627 2220 alia
639 2173 719 2221 fausta
730 2177 786 2219 vota
798 2172 983 2234 praeeuntibus,
993 2179 1047 2221 tum

129 2238 251 2299 imprimis
259 2244 286 2286 ut
293 2255 322 2286 ea
331 2238 456 2300 utrimque
466 2237 563 2300 imperii
572 2239 598 2286 in
607 2239 673 2286 idem
682 2253 769 2299 corpus
780 2237 870 2286 coalita
877 2238 986 2304 societas
994 2255 1046 2300 per-

130 2309 202 2364 petua
215 2303 282 2352 foret.
317 2302 441 2352 Maturata
453 2303 540 2352 deiude
558 2309 595 2352 est
607 2303 698 2362 missio,
710 2308 735 2350 et
746 2302 931 2351 infirmissimus
943 2303 1047 2366 quisque

130 2368 287 2416 exauctorati.
321 2369 465 2416 Amicorum
476 2385 567 2432 quoque
579 2369 702 2417 seniorum
713 2369 858 2429 quibusdam
877 2373 1047 2416 commeatum

130 2433 203 2480 dedit
221 2431 259 2480 Ex
266 2433 320 2494 quis
327 2433 406 2481 Clitus
415 2441 576 2496 cognomento
584 2435 661 2482 Albus
669 2432 821 2497 Gorgiasque
831 2438 856 2480 et
864 2431 1016 2495 Polydamas
1023 2439 1047 2482 et

130 2497 267 2561 Antigenes
275 2497 348 2545 fuere.
366 2498 519 2546 Abeuntibus
526 2513 575 2547 non
582 2500 654 2547 modo
662 2499 788 2561 praeteriti
796 2497 914 2560 temporis
921 2497 1047 2560 stipendia

131 2578 187 2612 cum
196 2562 242 2610 tide
251 2563 371 2624 persolvit,
380 2563 547 2612 verumetiam
560 2565 679 2613 talentum
690 2564 779 2628 adjecit
789 2563 814 2610 in
823 2563 935 2626 singulos
945 2563 1047 2623 milites,

130 2628 214 2676 viatici
222 2627 327 2677 nomine.
340 2627 415 2676 Filios
422 2644 452 2675 ex
458 2628 575 2677 Asiaticis
582 2630 695 2678 uxoribus
702 2634 826 2690 susceptos
833 2629 876 2688 (ad
882 2628 970 2675 decem
976 2629 1048 2678 milia

130 2693 206 2742 fuisse
218 2695 354 2757 traduntur)
373 2695 436 2756 apud
453 2711 478 2742 se
496 2695 599 2757 relinqui
612 2695 693 2759 jussit,
705 2709 736 2741 ne
753 2694 781 2741 in
799 2693 976 2741 Macedoniam
988 2699 1047 2743 cum

131 2761 271 2821 parentibus
282 2759 436 2824 transgressi,
448 2766 473 2807 et
484 2761 628 2835 conjugibus
646 2759 776 2820 liberisque
788 2758 910 2820 prioribus
922 2759 1048 2820 permixti,

131 2825 238 2873 familias
260 2825 412 2889 singulorum
429 2826 623 2874 'contentionibus
641 2831 666 2873 et
684 2824 813 2872 discordiis
830 2823 979 2885 implerent;
999 2825 1048 2874 sibi

131 2904 204 2937 curae
217 2891 267 2939 t'ore
280 2892 409 2954 pollicitus,
421 2897 448 2939 ut
458 2891 537 2952 patrio
548 2907 614 2939 more
626 2890 731 2941 instituti
750 2889 853 2937 militiae
872 2889 943 2938 ardes
962 2891 1049 2938 edoce-

130 2962 220 3002 rentur.
238 2956 277 3004 Ita
286 2973 358 3018 supra
366 2959 626 3013 decemveteranorum
634 2955 812 3004 milladimissa
820 2953 1048 3016 sunt3additusque

130 3025 168 3068 eat
178 3021 299 3080 Craterus,
310 3022 350 3084 qui
363 3039 404 3070 ecs
416 3023 553 3080 deduceret,
564 3037 594 3070 ex
606 3021 743 3083 praecipuis
755 3021 822 3086 regis
834 3020 930 3069 amicis.
965 3020 1014 3068 Cui
1026 3021 1048 3068 si

129 3085 187 3148 quid
199 3086 341 3134 humanitus
350 3087 487 3145 accidisset,
497 3086 683 3150 Polyperchonti
691 3101 777 3148 parere
785 3085 847 3151 jussi
857 3092 921 3134 sunt.
945 3083 1048 3134 litteris

129 3151 206 3200 etiam
219 3151 250 3199 ad
258 3151 416 3213 Antipatrum
425 3152 527 3214 scriptis,
536 3153 651 3200 honorem
661 3151 770 3200 emeritis
779 3151 866 3200 haberi
876 3151 1011 3214 praecepit,
1021 3157 1048 3199 ut

128 3274 177 3324 find
188 3289 202 3322 a
214 3271 274 3320 little
287 3271 354 3319 aster.
386 3273 531 3336 Something
544 3284 609 3322 must
626 3275 688 3324 have
705 3277 767 3323 been
783 3275 836 3324 said
852 3274 880 3324 of
892 3273 943 3323 this
960 3275 987 3323 in
1003 3276 1045 3326 the

130 3343 184 3419 ”ll
193 3332 259 3457 liily
266 3389 283 3447 ;’
297 3392 380 3446 rabies,
393 3391 454 3439 used
461 3392 519 3440 here
530 3402 556 3440 to
567 3408 666 3453 express
675 3393 716 3442 the
725 3391 823 3454 highest
833 3393 943 3455 possible
954 3394 1045 3457 degree

129 3447 157 3496 ot
169 3463 275 3507 passion,
288 3449 426 3508 commonly
436 3449 489 3498 said
499 3451 526 3498 of
538 3451 594 3500 mad
605 3451 673 3514 dogs.
