2294 3842
143 193 201 248 288
409 205 449 244 nx
472 205 579 244 essrrs
601 203 785 246 ssuxsunm.

143 316 285 386 leonesque
304 331 377 368 rarae
394 314 584 382 magnitudinis
603 321 630 366 et
648 313 736 383 tigres,
750 322 893 382 utrumqne
905 313 1056 368 animalad

143 384 375 439 mansuetudinem
404 383 541 436 domitum.
576 383 732 434 lacertarum
763 399 868 452 quoque
902 381 1055 452 ingentium

177 455 234 522 lles,
254 465 280 507 et
301 454 379 508 dorsa
399 453 570 506 testudinum.
607 453 713 503 Cratero
736 451 835 504 deinde
860 453 975 522 imperat
999 469 1056 520 rex,

178 525 212 577 ud
234 523 324 594 procul
342 540 431 590 amne,
450 537 595 592 perquem
614 529 669 572 erat
689 521 745 590 ipse
764 522 944 591 navigaturus,
965 522 1059 592 copias

143 593 266 646 duceret:
287 610 333 646 eos
349 601 450 660 autern,
469 591 512 660 qui
528 589 651 644 comitari
668 607 731 642 eum
751 591 872 644 solebant
897 591 1012 662 imponit
1030 593 1058 643 in

142 680 231 730 naves,
245 671 272 716 et
285 663 311 716 in
322 662 390 716 fines
407 661 560 714 Mallorum¹
579 659 696 712 secondo
708 677 788 712 amne
799 631 950 714 devehitur.
989 660 1058 714 Inde

142 731 278 786 Sabarcas²
294 732 368 800 adiit,
388 731 504 784 validam
527 729 618 783 Indiae
642 737 758 798 gentem,
784 747 853 798 quae
877 731 967 809 populi
1004 747 1058 783 non

143 819 233 870 regum
252 803 363 872 imperio
381 799 528 868 regebatur.
565 799 707 867 Sexaginta
729 799 803 852 milia
827 799 948 868 peditum
969 769 1059 853 lrabe-

141 870 214 940 bant,
227 875 347 941 equitum
366 887 414 922 sex
431 869 519 922 milia:
538 867 588 921 has
603 869 692 936 copias
703 885 795 920 currus
806 869 947 938 quingenti
958 887 1060 940 seque-

143 940 245 994 bantur.
282 941 348 994 Tres
365 939 447 992 duces
464 946 598 1008 spectatos
613 939 708 989 virtute
726 935 823 990 bellica
836 939 983 1007 elegerant.
1023 942 1060 992 At

142 1011 187 1080 qui
206 1011 231 1064 in
249 1011 319 1078 agris
336 1019 410 1062 erant
429 1008 540 1078 proximi
558 1007 660 1060 flumini
679 1006 843 1077 (frequentes
860 1019 952 1062 autern
972 1008 1060 1078 vicos

143 1081 260 1134 maxime
285 1081 310 1132 in
335 1079 391 1148 ripa
414 1077 561 1146 habebunt)
585 1085 613 1128 ut
637 1075 728 1128 videre
753 1085 838 1130 totum
860 1093 980 1146 amnem,
1004 1095 1061 1146 qus

162 1149 256 1218 rospici
280 1156 389 1218 poterat,
408 1147 520 1215 navigiis
543 1153 712 1215 constratum,
732 1152 759 1198 et
782 1155 820 1198 tot
843 1147 959 1200 militnm
980 1164 1061 1200 arms

143 1166 278 1288 fulgentia,
304 1217 387 1271 territi
409 1233 478 1270 nova
501 1215 578 1285 facie,
603 1215 713 1268 deorurn
737 1217 886 1270 exercitum
915 1225 943 1270 et
972 1216 1060 1271 alium

143 1287 271 1341 Liberum
289 1287 403 1355 Patrem,
415 1285 522 1338 celebre
540 1285 566 1338 in
587 1285 639 1338 illis
652 1284 776 1352 gentibus
788 1302 895 1349 nomen,
907 1286 1060 1340 adventare

143 1356 295 1410 credebant.
339 1356 408 1408 Hinc
434 1355 548 1408 militurn
576 1354 683 1422 clamor,
708 1353 769 1406 hinc
799 1372 933 1408 remorum
962 1357 1062 1435 pulsus

143 1427 283 1494 variaeque
300 1434 438 1478 nautarum
454 1441 534 1476 voces
548 1423 719 1476 hortantium¹
735 1423 847 1492 pavidas
863 1442 944 1478 aures
961 1425 1060 1495 imple·

143 1503 243 1547 verant.
280 1495 349 1562 Ergo
367 1493 483 1546 universi
502 1493 536 1545 ad
554 1509 607 1562 eos,
628 1493 673 1562 qui
692 1492 717 1545 in
735 1493 816 1545 armis
836 1504 919 1562 erant,
939 1504 1059 1564 currunt,

144 1563 229 1615 furere
249 1563 426 1630 clamitantes,
446 1571 553 1616 etcum
574 1563 625 1615 diis
645 1562 774 1633 proelium
797 1563 922 1616 inituros:
948 1563 1061 1632 navigia

143 1651 193 1686 non
212 1649 289 1702 possa
307 1631 449 1700 numerari,
462 1649 531 1701 quae
548 1632 660 1684 invictos
671 1632 740 1684 viros
752 1631 889 1700 veherent.
926 1633 1060 1688 Tantum·

144 1719 194 1772 que
213 1703 247 1770 in
258 1703 405 1755 exercitum
424 1719 531 1756 suorum
549 1701 663 1756 intulere
682 1701 792 1770 terroris,
807 1711 835 1754 ut
853 1701 955 1770 legatos
967 1703 1060 1756 mitte·

145 1782 200 1824 rent
212 1781 321 1840 gentem
333 1771 478 1825 dedituros.
1061 1793 1063 1798 ·

178 1847 219 1894 ³1.
238 1842 286 1896 His
299 1843 324 1894 in
338 1840 420 1897 fidem
432 1839 556 1911 acceptis,
566 1839 600 1894 ad
613 1839 680 1892 alias
692 1837 788 1896 deinde
800 1849 895 1908 gentes
906 1850 1000 1910 quarto
1013 1841 1060 1896 die

161 1912 271 1966 ervenit.
307 1910 398 1965 Nihilo
416 1911 476 1980 plus
492 1909 575 1963 animi
599 1908 641 1964 his
665 1909 722 1977 fuit,
742 1924 823 1977 quarn
844 1911 941 1962 ceteris
959 1910 1059 1966 fuerat.

144 1931 235 2051 itaque
253 1981 349 2052 oppido
367 1980 405 2034 ibi
422 1979 545 2048 condita*
560 1979 631 2048 quod
647 1977 837 2032 Alexandriam
855 1979 984 2050 appellari
1002 1980 1060 2050 jus·

144 2061 220 2118 serat,
240 2052 308 2104 fines
326 2067 425 2120 eorum,
443 2049 489 2119 qni
506 2048 640 2104 Musicani
657 2047 831 2118 appellantur,
850 2049 965 2102 intrarit.
1007 2051 1059 2104 Hic

143 2119 176 2171 de
189 2121 302 2174 Teriolte
316 2129 428 2191 satrape,
442 2136 521 2188 quern
540 2117 753 2187 Parapamisadis
771 2118 944 2188 praefecerat,
959 2119 1059 2174 iisdem

142 2191 314 2256 arguentibus
337 2190 486 2258 cognovit2⁵
508 2187 644 2258 multaque
666 2204 745 2240 avare
765 2205 798 2240 ac
819 2204 849 2239 su
871 2189 933 2241 erbe
957 2187 1058 2242 fecisse

143 2260 294 2312 convictum
314 2259 425 2312 interfici
446 2257 531 2328 jussit.
568 2259 703 2326 Oxyartes,
725 2267 828 2326 praetor
846 2205 1057 2338 liactrianorum,

143 2344 192 2378 000
206 2327 342 2381 absolutus
355 2328 440 2398 modo,
454 2327 501 2380 sed
515 2327 595 2380 etiam
611 2327 669 2397 jure
681 2327 789 2379 amoris⁰
800 2327 937 2397 amplioris
949 2328 1057 2397 imperii

143 2395 254 2450 donatus
272 2406 313 2449 est
330 2397 436 2450 finibus.
472 2396 622 2450 Musicanis
635 2396 733 2449 deinde
746 2396 772 2448 in
785 2397 918 2450 dicionem
931 2398 1057 2468 redactis,

144 2463 200 2517 urbi
212 2479 303 2516 eorum
315 2465 476 2534 praesidium
489 2466 623 2534 imposuit.
651 2466 716 2518 Inde
730 2465 858 2534 Praestos,
872 2475 899 2518 et
912 2467 1000 2536 ipsam
1013 2469 1057 2521 Iu·
1137 2513 1139 2518 .

142 2535 203 2586 diae
220 2542 339 2602 gentem,
360 2544 518 2604 perventum
538 2545 588 2587 cst.
625 2535 778 2588 Porticanus
801 2551 848 2588 rex
871 2545 935 2606 erat,
957 2537 1002 2606 qui
1026 2555 1057 2590 se

142 2603 260 2658 munitae
273 2603 332 2657 urbi
345 2621 406 2658 cum
419 2621 517 2674 magna
528 2622 610 2658 manu
622 2603 788 2674 popularium
801 2604 954 2658 incluserat.
979 2607 1057 2660 Hanc

143 2673 293 2728 Alexander
305 2675 379 2728 tertio
388 2673 441 2745 die,
451 2691 532 2743 quam
544 2683 667 2744 coeperat
679 2673 808 2741 obsidere,
818 2676 987 2796 expugnavit.
1020 2677 1056 2730 Et

143 2745 302 2815 Porticanus,
316 2761 377 2798 cum
396 2745 423 2798 in
440 2762 531 2797 arcem
548 2744 718 2813 confugisset,
733 2742 834 2810 legatos
868 2761 883 2795 e
899 2743 1056 2798 condicione

172 2861 178 2882 ¹
191 2854 246 2902 The
257 2853 356 2904 modern
367 2855 416 2916 city
427 2853 455 2903 of
463 2856 581 2912 Mooltan,
592 2870 625 2903 on
636 2853 677 2901 tha
687 2852 790 2922 Chenab
803 2854 952 2912 (Acesines),
965 2855 986 2904 is
996 2863 1055 2916 sup'·

142 2913 216 2972 pnsed
228 2925 252 2961 to
263 2914 324 2962 have
336 2917 398 2962 been
409 2915 449 2962 the
461 2915 528 2963 chief
541 2926 605 2963 town
618 2912 647 2962 of
658 2913 706 2960 thrs
718 2915 787 2961 trtbe.

170 2977 180 3002 ⁹
190 2971 309 3022 Diodorus
320 2973 379 3022 calls
391 2974 439 3022 this
451 2975 511 3022 tribe
523 2975 563 3022 the
576 2974 727 3021 Sambastae.
1013 3025 1017 3034 ¹

170 3037 179 3060 ³
192 3033 242 3079 ‘As
254 3032 312 3102 they
323 3032 474 3140 encourafied
490 3049 534 3082 one
550 3032 675 3090 another3'
693 3032 799 3094 hemely,
812 3041 839 3080 to
849 3035 942 3082 stretch
954 3043 981 3082 to
990 3033 1055 3082 their

141 3107 203 3144 cars.
217 3092 326 3140 ortoard
338 3107 420 3152 many
446 3103 496 3154 uty.

171 3156 179 3178 ⁴
191 3150 329 3210 According
346 3161 370 3198 to
386 3151 482 3208 Atrion,
497 3151 545 3200 this
556 3151 604 3212 city
615 3167 666 3200 was
677 3149 739 3199 built
750 3159 775 3198 at
786 3151 827 3200 the
839 3152 907 3211 point
918 3152 1000 3200 where
1011 3151 1053 3200 the

143 3210 261 3257 Acesines
272 3208 327 3257 falls
338 3209 389 3258 into
400 3211 442 3258 the
454 3211 537 3259 Indus.
643 3245 645 3250 ·

172 3277 179 3300 ⁶
190 3269 296 3323 Thetis,
307 3278 331 3316 at
343 3269 384 3316 tiro
396 3270 504 3318 instance
515 3269 544 3318 of
555 3270 596 3319 the
608 3269 818 3329 Parapamisadue,
832 3269 862 3317 he
873 3279 917 3330 put
929 3268 1066 3318 Terioltes'

143 3329 253 3433 uponAhis
265 3326 328 3434 trrpah
341 3343 368 3434 of
379 3329 529 3435 ipptituteplta
536 3328 636 3436 jpdiclirpl
647 3328 877 3436 explminatsiondnto
889 3330 927 3436 ipis
940 3329 1053 3436 00011ἷῖ11ιέ

191 3392 197 3412 ‘
226 3403 268 3435 000
297 3403 338 3446 rng
364 3402 379 3434 o
422 3402 487 3447 erig
530 3404 545 3435 o
569 3403 683 3440 reatons
701 3403 733 3450 rp,
769 3403 796 3436 or
833 3404 893 3448 xyur
905 3403 931 3437 es
944 3405 995 3437 was

141 3443 218 3491 father
228 3446 256 3493 of
264 3445 373 3494 Roxane.

120 3625 167 3640 A
