2274 3844
468 249 561 291 ursan
580 250 644 290 rur.
950 235 1010 290 Μ

95 363 219 428 caperet.
255 357 366 428 Quoque
389 358 478 412 minus
504 358 595 412 caedis
617 357 737 428 puderet,
759 357 818 428 jure
840 357 1010 414 intersectum
1077 381 1078 390 ¹

96 427 201 482 Clitum
219 429 383 482 Macedones
400 429 554 497 decernunt,
568 428 704 498 sepultura
721 443 825 498 quoque
843 427 1009 500 prohibituri,

96 498 125 550 ni
139 514 187 551 rex
201 497 304 551 humari
316 497 446 567 jussisset.

134 571 161 620 7.
181 568 263 636 Igitur
285 567 379 620 dacem
401 567 496 620 diebus
513 567 632 620 maxime
649 565 684 620 ad
701 566 911 624 confirmandum
929 565 1009 636 pudc-

96 652 158 688 rem
188 637 261 706 apud
291 637 454 689 Maracanda
483 636 654 707 consumptis,
683 653 745 690 cum
774 646 848 716 parte
877 639 1010 690 exercitus

96 705 140 758 He
162 705 329 760 baestionem
347 708 373 760 iu
397 706 532 775 regionem
555 705 722 759 Bactrianam
744 707 824 774 misit,
843 716 1010 760 commeatus

96 773 125 827 in
139 723 259 828 iiiemem
272 783 432 844 paraturum.
467 775 553 834 Quam
570 775 637 828 Clito
654 785 745 829 autem
762 775 940 828 destinaverat
953 791 1008 845 pro·

96 845 225 914 vinciam,
239 849 372 915 Amyntae
390 844 479 898 dedit:
499 844 556 914 ipse
573 846 703 914 Xenippc¹
721 845 848 916 pervenit.
885 844 1008 913 Scythiae

97 915 213 967 confinis
224 923 265 968 est
277 915 356 984 regio,
370 914 555 983 habitaturque
567 914 686 986 pluribus
698 931 730 968 ac
742 913 925 983 frequentibus
934 915 1007 985 vicis,

96 985 164 1054 quia
184 985 290 1038 ubertas
310 992 393 1036 terrae
414 1000 464 1036 non
485 983 623 1053 indigenas
641 984 720 1037 modo
739 983 846 1052 detinet,
860 983 907 1035 sed
926 983 1008 1038 etiam

96 1053 221 1120 advenas
244 1053 343 1106 invitat.
380 1053 576 1108 Bactrianorum
598 1053 717 1121 exulum,
735 1053 781 1123 qui
804 1053 837 1105 ab
858 1053 1009 1106 Alexandro

97 1121 262 1191 defecerant,
282 1122 479 1192 receptaculum
497 1121 591 1176 iuerat.
627 1123 678 1176 Sed
696 1134 835 1193 postquam
854 1139 945 1190 regem
962 1121 1008 1176 ad·

96 1201 210 1244 ventare
221 1201 386 1261 compertum
398 1201 447 1260 est,
461 1191 529 1261 pulsi
546 1193 582 1245 ab
600 1191 693 1244 incolis
704 1193 728 1245 ll
740 1192 817 1245 milia
827 1192 883 1244 iere
896 1200 924 1245 et
935 1192 1009 1260 quin·

96 1261 174 1328 genti
199 1273 399 1330 congregantur.
442 1262 541 1315 Omnes
565 1262 669 1330 equites
694 1271 776 1331 erant,
796 1263 878 1314 etiam
897 1261 922 1314 in
941 1277 1009 1330 pace

97 1329 244 1383 latrociniis
262 1332 377 1382 assueti:
403 1339 460 1384 tum
483 1329 582 1384 ferocia
603 1331 709 1399 ingenia
726 1347 777 1384 non
795 1331 897 1384 bellum
920 1327 1007 1400 modo,

97 1399 145 1452 sed
166 1401 249 1452 etiam
262 1400 356 1452 veniae
374 1399 533 1470 desperatio¹
550 1399 716 1453 efferaverat.
753 1401 844 1470 ltaque
860 1417 894 1452 ex
912 1400 1008 1469 impro-

98 1469 156 1520 viso
185 1469 269 1522 adorti
299 1472 446 1538 Amyntam
475 1477 622 1538 praetorem
652 1469 803 1538 Alexandri,
833 1469 879 1522 diu
908 1484 1009 1538 anceps

97 1538 231 1606 proelium
243 1538 374 1591 lacerant:
393 1537 427 1590 ad
440 1538 564 1592 ultimum
577 1539 643 1592 DCC
654 1555 759 1592 suorum
771 1539 883 1608 arnissis,
896 1555 1008 1608 quorum

97 1607 163 1660 CCC
181 1607 313 1660 hostisue
333 1607 360 1676 it,
373 1607 472 1660 dedere
491 1617 564 1676 terga
581 1608 730 1677 victoribus,
749 1607 820 1661 baud
841 1625 905 1661 sane
923 1605 1007 1676 inulti,

96 1677 198 1800 quippe
211 1677 304 1730 LXXX
348 1675 496 1730 acedonum
508 1675 703 1748 interfecerunt,
717 1686 873 1748 praeterque
885 1693 933 1729 eos
944 1677 1008 1730 CCC

87 1755 124 1798 «et
184 1745 267 1800 saucii
285 1745 350 1799 lacti
369 1753 437 1799 sunt.
475 1747 589 1800 Veniam
609 1754 699 1798 tamen
719 1747 800 1800 etiam
820 1755 878 1816 poet
896 1745 1008 1800 alteram

96 1811 278 1870 defectionem
290 1815 507 1884 impetraverunt.

131 1889 158 1937 8.
178 1885 227 1938 His
245 1885 371 1940 infidam
389 1885 515 1955 acceptis,
528 1885 555 1938 in
573 1883 715 1952 regionem,
728 1899 809 1952 quam
827 1885 948 1937 Nautaca
962 1899 1008 1966 ap-

95 1953 220 2024 pellant,⁸
238 1971 284 2008 rex
303 1971 365 2007 curn
386 1962 439 2006 toto
459 1954 577 2008 exercitu
597 1953 676 2006 venit.
719 1952 842 2022 Satrapes
861 1963 917 2005 erat
938 1952 1008 2022 Syar-

95 2022 217 2092 mithres,
230 2023 335 2076 duobus
346 2040 381 2076 ex
393 2039 441 2078 sua
451 2034 537 2077 matre
549 2023 612 2076 liliis
629 2021 740 2090 genitis,
758 2023 855 2090 quippe
873 2021 944 2090 apud
962 2038 1009 2075 eos

132 2093 253 2146 rentibus
265 2103 353 2162 stupro
365 2093 434 2145 coire
447 2110 510 2146 cum
522 2091 613 2146 liberis
624 2091 665 2144 ias
676 2100 726 2144 est.
761 2091 787 2144 ls
798 2091 909 2143 armatis
926 2107 959 2160 pc
979 2106 1008 2143 u-

104 2163 204 2232 atibus,
225 2162 319 2216 lauces
338 2162 461 2232 regionis,
483 2179 536 2231 qua
559 2162 586 2214 in
609 2161 772 2214 artissimum
792 2160 900 2228 cogitur,
920 2108 1008 2212 raddo

94 2232 262 2286 munimento
274 2233 430 2300 saepserat.⁴
462 2230 671 2284 Praeterfluebat
689 2240 788 2282 torrens
804 2229 906 2298 amnis;
924 2230 1009 2297 tergit‘

93 2309 171 2370 petra
183 2301 341 2356 claudebat:
361 2301 430 2354 hanc
442 2315 523 2354 manu
540 2301 659 2380 perviam
678 2297 780 2352 incolae
793 2298 919 2360 fecerant.
955 2297 1007 2352 Sed

93 2371 184 2424 aditus
202 2388 299 2441 specus
315 2370 412 2440 accipit
429 2369 730 2439 lucem,1nteriora,nisi
749 2367 821 2421 illato
840 2368 949 2437 lumine,
962 2367 1007 2420 ob·

93 2456 173 2492 scura
196 2449 265 2494 sunt.
302 2441 449 2508 Perpetuus
471 2439 609 2492 cuniculus
634 2440 684 2492 iter
706 2439 816 2509 praebet
838 2439 865 2492 in
890 2454 1005 2508 campos,

93 2509 216 2577 ignotum
235 2510 285 2562 nisi
303 2507 442 2588 indigenis.
478 2511 514 2564 At
525 2508 683 2578 Alexander,
696 2525 861 2578 quamquam
872 2507 1007 2576 angustias

93 2577 210 2631 naturali
227 2580 278 2632 situ
298 2589 415 2632 mumtae
426 2577 514 2631 valida
532 2596 613 2632 manu
631 2578 735 2632 barbari
754 2577 902 2646 tuebantur,
915 2585 1006 2628 tamen

92 2648 223 2701 arietibus
245 2648 360 2701 admotis
382 2647 556 2716 munimenta,
575 2665 645 2717 quae
668 2663 749 2700 manu
772 2645 898 2714 adjuncta
921 2652 1004 2712 erant,

122 2787 130 2810 ¹
140 2780 263 2842 Probably
273 2781 379 2830 situsted
389 2791 414 2828 to
425 2781 466 2830 the
477 2792 530 2830 east
541 2781 569 2830 cs
581 2777 733 2830 Maracanda.
970 2835 974 2845 Ι

121 2841 259 2901 “Despuit
269 2841 296 2890 ol
308 2841 432 2900 obtaining
443 2840 549 2900 pardon’
581 2842 619 2888 As
630 2841 724 2901 despero
733 2837 824 2884 cecum
834 2849 879 2902 can
894 2834 924 2882 be
940 2835 1001 2894 sard,

92 2915 119 2947 as
130 2900 191 2973 pell
199 2917 225 2948 as
236 2904 265 2948 da
275 2902 352 2970 uenio,
365 2899 406 2947 the
418 2898 567 2970 substantive
579 2914 622 2946 can
633 2911 725 2959 govern
740 2894 780 2942 the
796 2903 910 2954 geortrve,
923 2895 1003 2956 ἄωρα.

93 2960 491 3065 raptqpqtpp,quqqtipp,sltqe,rsqatpoe
507 3016 639 3070 unknown,
655 3015 699 3062 bnt
713 3027 777 3060 wera
793 3010 910 3072 probably
920 3011 945 3059 in
960 3011 1002 3060 tlre

91 3086 188 3124 eastern
199 3076 245 3125 and
257 3076 342 3136 higher
353 3086 405 3136 part
413 3076 441 3125 of
453 3075 581 3137 Sogdiaua,
594 3071 700 3122 towards
715 3071 756 3119 tlte
772 3085 847 3130 appar
857 3080 909 3130 part
920 3070 948 3120 of
959 3071 1002 3120 the

93 3135 165 3183 Oxus
175 3135 223 3182 und
233 3136 265 3183 its
276 3136 422 3184 tributaries.
534 3194 539 3199 ³

120 3194 196 3242 “He
215 3194 263 3244 had
281 3195 339 3243 shut
357 3211 389 3254 up
409 3193 536 3254 (properly,
556 3190 651 3252 hedged
669 3195 711 3250 up)
729 3189 770 3238 the
789 3196 901 3238 entrance
917 3188 945 3237 ol
959 3188 1001 3238 tha

91 3263 203 3314 country,
217 3254 327 3322 ulcereit
339 3263 459 3334 qontracts
475 3249 544 3300 itsels
555 3252 605 3299 into
616 3250 657 3298 tlte
668 3257 800 3298 narronest
811 3264 930 3308 compass,
943 3249 977 3309 by
987 3264 1002 3298 a

91 3311 402 3431 niniirdobiiiiriilnibnused
417 3372 521 3418 because
537 3369 578 3416 tlre
589 3366 715 3417 defenders
725 3383 790 3438 were
801 3381 866 3416 ruore
877 3365 936 3414 than
946 3379 1000 3414 one.

90 3429 120 3479 Ia
134 3431 177 3478 the
188 3446 256 3479 same
267 3446 366 3480 manner
378 3445 415 3478 we
426 3444 470 3490 say
480 3427 508 3478 ol
519 3429 646 3478 anumber
656 3427 684 3477 ol
695 3425 805 3486 soldiers,
817 3435 884 3488 terga
894 3431 998 3483 catast,

93 3490 167 3552 ‘they
177 3498 233 3538 turn
243 3489 306 3540 their
316 3488 410 3538 beclas!

197 3551 228 3602 ld
