<?xml version="1.0" encoding="UTF-8"?>
<!DOCTYPE html PUBLIC "-//W3C//DTD XHTML 1.0 Transitional//EN"
    "http://www.w3.org/TR/xhtml1/DTD/xhtml1-transitional.dtd">
<html xmlns="http://www.w3.org/1999/xhtml" xml:lang="en" lang="en">
 <head>
  <title>
</title>
<meta http-equiv="Content-Type" content="text/html;charset=utf-8" />
  <meta name='ocr-system' content='tesseract 3.04.00' />
  <meta name='ocr-capabilities' content='ocr_page ocr_carea ocr_par ocr_line ocrx_word'/>
</head>
<body>
  <div class='ocr_page' id='page_1' title='image "./qcurtiirufidege02rufugoog_0119.png"; bbox 0 0 2278 3846; ppageno 0'>
   <div class='ocr_carea' id='block_1_1' title="bbox 464 193 987 252">
    <p class='ocr_par' dir='ltr' id='par_1_1' title="bbox 464 193 987 252">
     <span class='ocr_line' id='line_1_1' title="bbox 464 193 987 252; baseline -0.004 0"><span class='ocrx_word' id='word_1_1' title='bbox 464 211 555 252; x_wconf 78' lang='lat' dir='ltr'>uraca</span> <span class='ocrx_word' id='word_1_2' title='bbox 575 212 602 252; x_wconf 83' lang='lat' dir='ltr'>v.</span> <span class='ocrx_word' id='word_1_3' title='bbox 930 193 987 250; x_wconf 79' lang='grc'>100</span> 
     </span>
    </p>
   </div>
   <div class='ocr_carea' id='block_1_2' title="bbox 72 317 988 924">
    <p class='ocr_par' dir='ltr' id='par_1_2' title="bbox 72 317 988 924">
     <span class='ocr_line' id='line_1_2' title="bbox 72 317 986 388; baseline 0.002 -18"><span class='ocrx_word' id='word_1_4' title='bbox 72 317 187 388; x_wconf 83' lang='lat' dir='ltr'>egregio</span> <span class='ocrx_word' id='word_1_5' title='bbox 199 317 356 371; x_wconf 76' lang='lat' dir='ltr'><strong>interfutura</strong></span> <span class='ocrx_word' id='word_1_6' title='bbox 368 319 512 388; x_wconf 83' lang='lat' dir='ltr'>certamini,</span> <span class='ocrx_word' id='word_1_7' title='bbox 523 319 597 371; x_wconf 85' lang='lat' dir='ltr'>testis</span> <span class='ocrx_word' id='word_1_8' title='bbox 609 319 703 372; x_wconf 85' lang='lat' dir='ltr'>eadem</span> <span class='ocrx_word' id='word_1_9' title='bbox 716 319 844 388; x_wconf 87' lang='lat' dir='ltr'>cujusque</span> <span class='ocrx_word' id='word_1_10' title='bbox 856 317 986 372; x_wconf 86' lang='lat' dir='ltr'>factorum</span> 
     </span>
     <span class='ocr_line' id='line_1_3' title="bbox 73 387 986 457; baseline 0 -17"><span class='ocrx_word' id='word_1_11' title='bbox 73 391 112 440; x_wconf 87' lang='lat' dir='ltr'>et¹</span> <span class='ocrx_word' id='word_1_12' title='bbox 131 387 167 439; x_wconf 91' lang='lat' dir='ltr'>de</span> <span class='ocrx_word' id='word_1_13' title='bbox 189 387 324 456; x_wconf 89' lang='lat' dir='ltr'>judicibus</span> <span class='ocrx_word' id='word_1_14' title='bbox 342 387 424 440; x_wconf 90' lang='lat' dir='ltr'>latura</span> <span class='ocrx_word' id='word_1_15' title='bbox 444 389 617 442; x_wconf 70' lang='lat' dir='ltr'>sententiam:</span> <span class='ocrx_word' id='word_1_16' title='bbox 638 389 735 457; x_wconf 81' lang='lat' dir='ltr'>quippe</span> <span class='ocrx_word' id='word_1_17' title='bbox 753 405 850 440; x_wconf 89' lang='lat' dir='ltr'>verona</span> <span class='ocrx_word' id='word_1_18' title='bbox 867 405 900 440; x_wconf 91' lang='lat' dir='ltr'>an</span> <span class='ocrx_word' id='word_1_19' title='bbox 920 387 986 440; x_wconf 87' lang='lat' dir='ltr'>lalsc</span> 
     </span>
     <span class='ocr_line' id='line_1_4' title="bbox 74 456 986 525; baseline 0 -15"><span class='ocrx_word' id='word_1_20' title='bbox 74 456 173 510; x_wconf 77' lang='lat' dir='ltr'>honos²</span> <span class='ocrx_word' id='word_1_21' title='bbox 189 458 287 525; x_wconf 88' lang='lat' dir='ltr'>cuique</span> <span class='ocrx_word' id='word_1_22' title='bbox 305 457 450 525; x_wconf 87' lang='lat' dir='ltr'>haberetur,</span> <span class='ocrx_word' id='word_1_23' title='bbox 467 459 578 524; x_wconf 82' lang='lat' dir='ltr'>ignorari</span> <span class='ocrx_word' id='word_1_24' title='bbox 597 473 647 508; x_wconf 90' lang='lat' dir='ltr'>non</span> <span class='ocrx_word' id='word_1_25' title='bbox 666 466 774 525; x_wconf 89' lang='lat' dir='ltr'>poterat.</span> <span class='ocrx_word' id='word_1_26' title='bbox 810 457 913 510; x_wconf 81' lang='lat' dir='ltr'>Primus</span> <span class='ocrx_word' id='word_1_27' title='bbox 931 475 986 510; x_wconf 87' lang='lat' dir='ltr'>om·</span> 
     </span>
     <span class='ocr_line' id='line_1_5' title="bbox 73 525 986 594; baseline 0 -15"><span class='ocrx_word' id='word_1_28' title='bbox 73 527 152 580; x_wconf 86' lang='lat' dir='ltr'>nium</span> <span class='ocrx_word' id='word_1_29' title='bbox 168 525 276 578; x_wconf 85' lang='lat' dir='ltr'>virtutis</span> <span class='ocrx_word' id='word_1_30' title='bbox 292 543 371 579; x_wconf 85' lang='lat' dir='ltr'>causa</span> <span class='ocrx_word' id='word_1_31' title='bbox 388 525 499 578; x_wconf 87' lang='lat' dir='ltr'>donatus</span> <span class='ocrx_word' id='word_1_32' title='bbox 517 540 557 578; x_wconf 86' lang='lat' dir='ltr'>est</span> <span class='ocrx_word' id='word_1_33' title='bbox 575 526 711 578; x_wconf 87' lang='lat' dir='ltr'>Atharrias</span> <span class='ocrx_word' id='word_1_34' title='bbox 728 527 832 592; x_wconf 76' lang='lat' dir='ltr'>senior-,³</span> <span class='ocrx_word' id='word_1_35' title='bbox 846 527 890 594; x_wconf 90' lang='lat' dir='ltr'>qui</span> <span class='ocrx_word' id='word_1_36' title='bbox 907 527 986 579; x_wconf 89' lang='lat' dir='ltr'>ornis·</span> 
     </span>
     <span class='ocr_line' id='line_1_6' title="bbox 75 595 985 664; baseline -0.001 -16"><span class='ocrx_word' id='word_1_37' title='bbox 75 613 138 648; x_wconf 87' lang='lat' dir='ltr'>sum</span> <span class='ocrx_word' id='word_1_38' title='bbox 158 595 230 663; x_wconf 85' lang='lat' dir='ltr'>apud</span> <span class='ocrx_word' id='word_1_39' title='bbox 252 595 449 647; x_wconf 80' lang='lat' dir='ltr'>Halicarnasson</span> <span class='ocrx_word' id='word_1_40' title='bbox 462 613 479 646; x_wconf 89' lang='lat' dir='ltr'>a</span> <span class='ocrx_word' id='word_1_41' title='bbox 489 595 636 664; x_wconf 89' lang='lat' dir='ltr'>junioribus</span> <span class='ocrx_word' id='word_1_42' title='bbox 648 595 776 662; x_wconf 91' lang='lat' dir='ltr'>proelium</span> <span class='ocrx_word' id='word_1_43' title='bbox 790 613 856 647; x_wconf 88' lang='lat' dir='ltr'>unus</span> <span class='ocrx_word' id='word_1_44' title='bbox 868 595 985 648; x_wconf 83' lang='lat' dir='ltr'><strong>maxime</strong></span> 
     </span>
     <span class='ocr_line' id='line_1_7' title="bbox 76 665 986 732; baseline 0 -15"><span class='ocrx_word' id='word_1_45' title='bbox 76 665 256 717; x_wconf 80' lang='lat' dir='ltr'>accenderat:</span> <span class='ocrx_word' id='word_1_46' title='bbox 276 665 408 732; x_wconf 84' lang='lat' dir='ltr'>proximus</span> <span class='ocrx_word' id='word_1_47' title='bbox 420 665 444 716; x_wconf 91' lang='lat' dir='ltr'>ei</span> <span class='ocrx_word' id='word_1_48' title='bbox 456 666 602 732; x_wconf 78' lang='lat' dir='ltr'>Antigenes</span> <span class='ocrx_word' id='word_1_49' title='bbox 614 665 686 716; x_wconf 86' lang='lat' dir='ltr'>visus</span> <span class='ocrx_word' id='word_1_50' title='bbox 700 673 755 716; x_wconf 87' lang='lat' dir='ltr'>est:</span> <span class='ocrx_word' id='word_1_51' title='bbox 776 666 879 716; x_wconf 87' lang='lat' dir='ltr'>tertium</span> <span class='ocrx_word' id='word_1_52' title='bbox 899 665 986 718; x_wconf 88' lang='lat' dir='ltr'>locum</span> 
     </span>
     <span class='ocr_line' id='line_1_8' title="bbox 76 732 988 802; baseline 0 -16"><span class='ocrx_word' id='word_1_53' title='bbox 76 733 201 786; x_wconf 90' lang='lat' dir='ltr'>Philotas</span> <span class='ocrx_word' id='word_1_54' title='bbox 212 737 339 799; x_wconf 81' lang='lat' dir='ltr'>Augaeus</span> <span class='ocrx_word' id='word_1_55' title='bbox 350 733 473 786; x_wconf 84' lang='lat' dir='ltr'>obtinuit:</span> <span class='ocrx_word' id='word_1_56' title='bbox 493 743 601 802; x_wconf 88' lang='lat' dir='ltr'>quartus</span> <span class='ocrx_word' id='word_1_57' title='bbox 613 736 746 802; x_wconf 91' lang='lat' dir='ltr'>Amyntae</span> <span class='ocrx_word' id='word_1_58' title='bbox 759 732 850 784; x_wconf 87' lang='lat' dir='ltr'>datus:</span> <span class='ocrx_word' id='word_1_59' title='bbox 870 745 927 802; x_wconf 89' lang='lat' dir='ltr'>post</span> <span class='ocrx_word' id='word_1_60' title='bbox 939 733 988 787; x_wconf 85' lang='lat' dir='ltr'>hos</span> 
     </span>
     <span class='ocr_line' id='line_1_9' title="bbox 77 801 988 924; baseline 0 -68"><span class='ocrx_word' id='word_1_61' title='bbox 77 803 238 870; x_wconf 77' lang='lat' dir='ltr'>Antigonus,</span> <span class='ocrx_word' id='word_1_62' title='bbox 248 812 274 852; x_wconf 89' lang='lat' dir='ltr'>et</span> <span class='ocrx_word' id='word_1_63' title='bbox 286 801 320 854; x_wconf 89' lang='lat' dir='ltr'>ab</span> <span class='ocrx_word' id='word_1_64' title='bbox 332 818 364 855; x_wconf 91' lang='lat' dir='ltr'>eo</span> <span class='ocrx_word' id='word_1_65' title='bbox 376 803 521 872; x_wconf 85' lang='lat' dir='ltr'>Lyncestes</span> <span class='ocrx_word' id='word_1_66' title='bbox 530 806 659 924; x_wconf 77' lang='lat' dir='ltr'>Amputas</span> <span class='ocrx_word' id='word_1_67' title='bbox 671 802 732 854; x_wconf 85' lang='lat' dir='ltr'>luit:</span> <span class='ocrx_word' id='word_1_68' title='bbox 746 802 888 870; x_wconf 88' lang='lat' dir='ltr'>septimum</span> <span class='ocrx_word' id='word_1_69' title='bbox 901 803 988 873; x_wconf 78' lang='lat' dir='ltr'>locurp</span> 
     </span>
    </p>
   </div>
   <div class='ocr_carea' id='block_1_3' title="bbox 77 870 1066 940">
    <p class='ocr_par' dir='ltr' id='par_1_3' title="bbox 77 870 1066 940">
     <span class='ocr_line' id='line_1_10' title="bbox 77 870 1066 940; baseline 0 -16"><span class='ocrx_word' id='word_1_70' title='bbox 77 870 243 939; x_wconf 90' lang='lat' dir='ltr'>Theodotus,</span> <span class='ocrx_word' id='word_1_71' title='bbox 257 871 380 924; x_wconf 88' lang='lat' dir='ltr'>ultimum</span> <span class='ocrx_word' id='word_1_72' title='bbox 399 872 511 924; x_wconf 87' lang='lat' dir='ltr'>obtinuit</span> <span class='ocrx_word' id='word_1_73' title='bbox 530 872 577 923; x_wconf 88' lang='lat' dir='ltr'>Hel</span> <span class='ocrx_word' id='word_1_74' title='bbox 590 873 688 924; x_wconf 83' lang='lat' dir='ltr'>anicus.</span> <span class='ocrx_word' id='word_1_75' title='bbox 726 872 754 923; x_wconf 91' lang='lat' dir='ltr'>ln</span> <span class='ocrx_word' id='word_1_76' title='bbox 774 871 912 939; x_wconf 90' lang='lat' dir='ltr'>disciplina</span> <span class='ocrx_word' id='word_1_77' title='bbox 925 889 988 940; x_wconf 89' lang='lat' dir='ltr'>quo·</span> <span class='ocrx_word' id='word_1_78' title='bbox 1063 883 1066 892; x_wconf 88' lang='grc'><strong><em>·</em></strong></span> 
     </span>
    </p>
   </div>
   <div class='ocr_carea' id='block_1_4' title="bbox 34 939 1061 2256">
    <p class='ocr_par' dir='ltr' id='par_1_4' title="bbox 34 939 1061 1634">
     <span class='ocr_line' id='line_1_11' title="bbox 79 939 989 1012; baseline 0.001 -20"><span class='ocrx_word' id='word_1_79' title='bbox 79 955 134 1008; x_wconf 89' lang='lat' dir='ltr'>que</span> <span class='ocrx_word' id='word_1_80' title='bbox 153 941 276 992; x_wconf 89' lang='lat' dir='ltr'>militaris</span> <span class='ocrx_word' id='word_1_81' title='bbox 295 941 332 992; x_wconf 89' lang='lat' dir='ltr'>rei</span> <span class='ocrx_word' id='word_1_82' title='bbox 349 958 365 992; x_wconf 89' lang='lat' dir='ltr'>a</span> <span class='ocrx_word' id='word_1_83' title='bbox 383 940 525 1010; x_wconf 85' lang='lat' dir='ltr'>majoribus</span> <span class='ocrx_word' id='word_1_84' title='bbox 538 939 652 1012; x_wconf 88' lang='lat' dir='ltr'>[tradita]</span> <span class='ocrx_word' id='word_1_85' title='bbox 665 940 789 1008; x_wconf 90' lang='lat' dir='ltr'>pleraque</span> <span class='ocrx_word' id='word_1_86' title='bbox 804 957 908 992; x_wconf 87' lang='lat' dir='ltr'>summa</span> <span class='ocrx_word' id='word_1_87' title='bbox 920 941 989 994; x_wconf 90' lang='lat' dir='ltr'>utili-</span> 
     </span>
     <span class='ocr_line' id='line_1_12' title="bbox 80 1009 988 1078; baseline 0 -16"><span class='ocrx_word' id='word_1_88' title='bbox 80 1017 136 1062; x_wconf 88' lang='lat' dir='ltr'>tate</span> <span class='ocrx_word' id='word_1_89' title='bbox 165 1011 288 1062; x_wconf 89' lang='lat' dir='ltr'>mutavit.</span> <span class='ocrx_word' id='word_1_90' title='bbox 332 1011 403 1062; x_wconf 89' lang='lat' dir='ltr'>Nam</span> <span class='ocrx_word' id='word_1_91' title='bbox 431 1028 493 1062; x_wconf 91' lang='lat' dir='ltr'>curn</span> <span class='ocrx_word' id='word_1_92' title='bbox 516 1019 577 1064; x_wconf 85' lang='lat' dir='ltr'>ante</span> <span class='ocrx_word' id='word_1_93' title='bbox 600 1011 704 1078; x_wconf 86' lang='lat' dir='ltr'>equites</span> <span class='ocrx_word' id='word_1_94' title='bbox 728 1011 754 1061; x_wconf 87' lang='lat' dir='ltr'>in</span> <span class='ocrx_word' id='word_1_95' title='bbox 777 1025 854 1062; x_wconf 89' lang='lat' dir='ltr'>suam</span> <span class='ocrx_word' id='word_1_96' title='bbox 877 1009 988 1078; x_wconf 89' lang='lat' dir='ltr'>quisque</span> 
     </span>
     <span class='ocr_line' id='line_1_13' title="bbox 80 1078 990 1147; baseline 0.004 -17"><span class='ocrx_word' id='word_1_97' title='bbox 80 1087 190 1146; x_wconf 81' lang='lat' dir='ltr'>gentem</span> <span class='ocrx_word' id='word_1_98' title='bbox 211 1078 421 1132; x_wconf 87' lang='lat' dir='ltr'>describerentur</span> <span class='ocrx_word' id='word_1_99' title='bbox 439 1082 553 1132; x_wconf 86' lang='lat' dir='ltr'>seorsus⁴</span> <span class='ocrx_word' id='word_1_100' title='bbox 566 1097 582 1129; x_wconf 90' lang='lat' dir='ltr'>a</span> <span class='ocrx_word' id='word_1_101' title='bbox 596 1079 698 1147; x_wconf 88' lang='lat' dir='ltr'>ceteris,</span> <span class='ocrx_word' id='word_1_102' title='bbox 712 1087 836 1147; x_wconf 89' lang='lat' dir='ltr'>exempto</span> <span class='ocrx_word' id='word_1_103' title='bbox 853 1079 990 1134; x_wconf 85' lang='lat' dir='ltr'>nationum</span> 
     </span>
     <span class='ocr_line' id='line_1_14' title="bbox 81 1147 990 1217; baseline 0 -17"><span class='ocrx_word' id='word_1_104' title='bbox 81 1147 245 1215; x_wconf 81' lang='lat' dir='ltr'>discrimine,</span> <span class='ocrx_word' id='word_1_105' title='bbox 264 1147 410 1217; x_wconf 87' lang='lat' dir='ltr'>praesectis,</span> <span class='ocrx_word' id='word_1_106' title='bbox 430 1165 480 1202; x_wconf 90' lang='lat' dir='ltr'>non</span> <span class='ocrx_word' id='word_1_107' title='bbox 498 1148 588 1216; x_wconf 88' lang='lat' dir='ltr'>utique</span> <span class='ocrx_word' id='word_1_108' title='bbox 606 1165 713 1201; x_wconf 89' lang='lat' dir='ltr'>suarum</span> <span class='ocrx_word' id='word_1_109' title='bbox 730 1147 858 1216; x_wconf 85' lang='lat' dir='ltr'>gentium,</span> <span class='ocrx_word' id='word_1_110' title='bbox 878 1147 925 1200; x_wconf 88' lang='lat' dir='ltr'>sed</span> <span class='ocrx_word' id='word_1_111' title='bbox 943 1148 990 1200; x_wconf 86' lang='lat' dir='ltr'>de·</span> 
     </span>
     <span class='ocr_line' id='line_1_15' title="bbox 34 1216 990 1286; baseline 0.008 -22"><span class='ocrx_word' id='word_1_112' title='bbox 34 1252 38 1264; x_wconf 72' lang='grc'><strong><em>,</em></strong></span> <span class='ocrx_word' id='word_1_113' title='bbox 81 1216 166 1285; x_wconf 85' lang='lat' dir='ltr'>lectis,</span> <span class='ocrx_word' id='word_1_114' title='bbox 189 1216 315 1270; x_wconf 82' lang='lat' dir='ltr'>attribuit.</span> <span class='ocrx_word' id='word_1_115' title='bbox 352 1217 434 1286; x_wconf 92' lang='lat' dir='ltr'>Tuba,</span> <span class='ocrx_word' id='word_1_116' title='bbox 457 1234 519 1270; x_wconf 91' lang='lat' dir='ltr'>curn</span> <span class='ocrx_word' id='word_1_117' title='bbox 541 1226 627 1270; x_wconf 86' lang='lat' dir='ltr'>castra</span> <span class='ocrx_word' id='word_1_118' title='bbox 649 1233 756 1270; x_wconf 87' lang='lat' dir='ltr'>movere</span> <span class='ocrx_word' id='word_1_119' title='bbox 776 1217 864 1286; x_wconf 88' lang='lat' dir='ltr'>vellet,</span> <span class='ocrx_word' id='word_1_120' title='bbox 886 1217 990 1286; x_wconf 84' lang='lat' dir='ltr'>signum</span> 
     </span>
     <span class='ocr_line' id='line_1_16' title="bbox 82 1285 990 1356; baseline 0 -18"><span class='ocrx_word' id='word_1_121' title='bbox 82 1285 170 1354; x_wconf 85' lang='lat' dir='ltr'>dabat,</span> <span class='ocrx_word' id='word_1_122' title='bbox 191 1285 268 1355; x_wconf 86' lang='lat' dir='ltr'>cujus</span> <span class='ocrx_word' id='word_1_123' title='bbox 288 1302 367 1338; x_wconf 87' lang='lat' dir='ltr'>sonus</span> <span class='ocrx_word' id='word_1_124' title='bbox 386 1287 542 1356; x_wconf 86' lang='lat' dir='ltr'>plerumque</span> <span class='ocrx_word' id='word_1_125' title='bbox 562 1286 779 1340; x_wconf 87' lang='lat' dir='ltr'>tumultuantium</span> <span class='ocrx_word' id='word_1_126' title='bbox 798 1287 905 1340; x_wconf 82' lang='lat' dir='ltr'>fremitu</span> <span class='ocrx_word' id='word_1_127' title='bbox 929 1303 990 1340; x_wconf 87' lang='lat' dir='ltr'>exo·</span> 
     </span>
     <span class='ocr_line' id='line_1_17' title="bbox 82 1355 990 1425; baseline 0.002 -18"><span class='ocrx_word' id='word_1_128' title='bbox 82 1356 175 1424; x_wconf 76' lang='lat' dir='ltr'>niente,</span> <span class='ocrx_word' id='word_1_129' title='bbox 190 1355 261 1408; x_wconf 87' lang='lat' dir='ltr'>haud</span> <span class='ocrx_word' id='word_1_130' title='bbox 274 1355 339 1408; x_wconf 86' lang='lat' dir='ltr'>satis</span> <span class='ocrx_word' id='word_1_131' title='bbox 350 1356 551 1410; x_wconf 82' lang='lat' dir='ltr'>exaudiebatur:</span> <span class='ocrx_word' id='word_1_132' title='bbox 571 1373 632 1424; x_wconf 85' lang='lat' dir='ltr'>ergo</span> <span class='ocrx_word' id='word_1_133' title='bbox 643 1356 778 1425; x_wconf 88' lang='lat' dir='ltr'>perticam,</span> <span class='ocrx_word' id='word_1_134' title='bbox 792 1373 860 1425; x_wconf 89' lang='lat' dir='ltr'>quac</span> <span class='ocrx_word' id='word_1_135' title='bbox 873 1356 990 1425; x_wconf 85' lang='lat' dir='ltr'>undique</span> 
     </span>
     <span class='ocr_line' id='line_1_18' title="bbox 82 1424 990 1495; baseline 0 -17"><span class='ocrx_word' id='word_1_136' title='bbox 82 1424 201 1492; x_wconf 82' lang='lat' dir='ltr'>conspici</span> <span class='ocrx_word' id='word_1_137' title='bbox 224 1433 319 1493; x_wconf 86' lang='lat' dir='ltr'>posset,</span> <span class='ocrx_word' id='word_1_138' title='bbox 344 1441 422 1494; x_wconf 89' lang='lat' dir='ltr'>supra</span> <span class='ocrx_word' id='word_1_139' title='bbox 445 1425 602 1494; x_wconf 90' lang='lat' dir='ltr'>praetorium</span> <span class='ocrx_word' id='word_1_140' title='bbox 626 1426 729 1478; x_wconf 87' lang='lat' dir='ltr'>statuit:</span> <span class='ocrx_word' id='word_1_141' title='bbox 754 1442 788 1479; x_wconf 80' lang='lat' dir='ltr'>ea</span> <span class='ocrx_word' id='word_1_142' title='bbox 809 1443 863 1495; x_wconf 90' lang='lat' dir='ltr'>qua</span> <span class='ocrx_word' id='word_1_143' title='bbox 886 1427 990 1494; x_wconf 81' lang='lat' dir='ltr'>signum</span> 
     </span>
     <span class='ocr_line' id='line_1_19' title="bbox 83 1493 1061 1564; baseline 0.003 -18"><span class='ocrx_word' id='word_1_144' title='bbox 83 1493 220 1546; x_wconf 86' lang='lat' dir='ltr'>eminebat</span> <span class='ocrx_word' id='word_1_145' title='bbox 244 1495 339 1562; x_wconf 89' lang='lat' dir='ltr'>pariter</span> <span class='ocrx_word' id='word_1_146' title='bbox 358 1495 481 1548; x_wconf 88' lang='lat' dir='ltr'>omnibus</span> <span class='ocrx_word' id='word_1_147' title='bbox 501 1494 687 1562; x_wconf 89' lang='lat' dir='ltr'>conspicuum:</span> <span class='ocrx_word' id='word_1_148' title='bbox 711 1494 899 1548; x_wconf 81' lang='lat' dir='ltr'>observabatur</span> <span class='ocrx_word' id='word_1_149' title='bbox 922 1496 991 1564; x_wconf 85' lang='lat' dir='ltr'>ignis</span> <span class='ocrx_word' id='word_1_150' title='bbox 1060 1516 1061 1519; x_wconf 43' lang='lat'>¹</span> 
     </span>
     <span class='ocr_line' id='line_1_20' title="bbox 83 1563 927 1634; baseline -0.001 -18"><span class='ocrx_word' id='word_1_151' title='bbox 83 1572 170 1632; x_wconf 87' lang='lat' dir='ltr'>noctu,</span> <span class='ocrx_word' id='word_1_152' title='bbox 185 1563 276 1617; x_wconf 80' lang='lat' dir='ltr'>fumus</span> <span class='ocrx_word' id='word_1_153' title='bbox 287 1563 409 1616; x_wconf 78' lang='lat' dir='ltr'>interdiu,</span> <span class='ocrx_word' id='word_1_154' title='bbox 920 1618 927 1634; x_wconf 56' lang='lat'>,</span> 
     </span>
    </p>

    <p class='ocr_par' dir='ltr' id='par_1_5' title="bbox 84 1632 993 2256">
     <span class='ocr_line' id='line_1_21' title="bbox 119 1632 991 1703; baseline 0.002 -19"><span class='ocrx_word' id='word_1_155' title='bbox 119 1638 146 1684; x_wconf 92' lang='lat'>8.</span> <span class='ocrx_word' id='word_1_156' title='bbox 166 1633 279 1700; x_wconf 91' lang='lat' dir='ltr'>Jamque</span> <span class='ocrx_word' id='word_1_157' title='bbox 303 1632 378 1685; x_wconf 84' lang='lat' dir='ltr'>Susa⁵</span> <span class='ocrx_word' id='word_1_158' title='bbox 396 1633 422 1685; x_wconf 93' lang='lat' dir='ltr'>ei</span> <span class='ocrx_word' id='word_1_159' title='bbox 439 1632 541 1686; x_wconf 90' lang='lat' dir='ltr'>adituro</span> <span class='ocrx_word' id='word_1_160' title='bbox 559 1632 688 1702; x_wconf 84' lang='lat' dir='ltr'>Abulites,</span> <span class='ocrx_word' id='word_1_161' title='bbox 707 1633 820 1701; x_wconf 87' lang='lat' dir='ltr'>regionis</span> <span class='ocrx_word' id='word_1_162' title='bbox 840 1633 899 1703; x_wconf 82' lang='lat' dir='ltr'>ejus</span> <span class='ocrx_word' id='word_1_163' title='bbox 917 1650 991 1703; x_wconf 89' lang='lat' dir='ltr'>prae·</span> 
     </span>
     <span class='ocr_line' id='line_1_22' title="bbox 84 1700 991 1773; baseline 0.002 -19"><span class='ocrx_word' id='word_1_164' title='bbox 84 1701 178 1770; x_wconf 85' lang='lat' dir='ltr'>lectus,</span> <span class='ocrx_word' id='word_1_165' title='bbox 192 1702 249 1754; x_wconf 88' lang='lat' dir='ltr'>sive</span> <span class='ocrx_word' id='word_1_166' title='bbox 262 1702 338 1754; x_wconf 82' lang='lat' dir='ltr'>Darei</span> <span class='ocrx_word' id='word_1_167' title='bbox 349 1701 431 1771; x_wconf 83' lang='lat' dir='ltr'>jussu,</span> <span class='ocrx_word' id='word_1_168' title='bbox 445 1711 473 1754; x_wconf 91' lang='lat' dir='ltr'>ut</span> <span class='ocrx_word' id='word_1_169' title='bbox 485 1700 664 1756; x_wconf 84' lang='lat' dir='ltr'>Alexandrum</span> <span class='ocrx_word' id='word_1_170' title='bbox 677 1702 776 1770; x_wconf 90' lang='lat' dir='ltr'>praeda</span> <span class='ocrx_word' id='word_1_171' title='bbox 787 1704 920 1773; x_wconf 89' lang='lat' dir='ltr'>retineret,</span> <span class='ocrx_word' id='word_1_172' title='bbox 933 1703 991 1756; x_wconf 85' lang='lat' dir='ltr'>sive</span> 
     </span>
     <span class='ocr_line' id='line_1_23' title="bbox 84 1770 992 1840; baseline 0 -16"><span class='ocrx_word' id='word_1_173' title='bbox 84 1787 132 1824; x_wconf 88' lang='lat' dir='ltr'>sua</span> <span class='ocrx_word' id='word_1_174' title='bbox 150 1780 251 1840; x_wconf 90' lang='lat' dir='ltr'>sponte,</span> <span class='ocrx_word' id='word_1_175' title='bbox 269 1770 355 1823; x_wconf 88' lang='lat' dir='ltr'>filium</span> <span class='ocrx_word' id='word_1_176' title='bbox 377 1771 483 1825; x_wconf 84' lang='lat' dir='ltr'>obviam</span> <span class='ocrx_word' id='word_1_177' title='bbox 506 1771 585 1840; x_wconf 91' lang='lat' dir='ltr'>misit,</span> <span class='ocrx_word' id='word_1_178' title='bbox 605 1771 758 1824; x_wconf 88' lang='lat' dir='ltr'>traditurum</span> <span class='ocrx_word' id='word_1_179' title='bbox 778 1788 807 1824; x_wconf 90' lang='lat' dir='ltr'>se</span> <span class='ocrx_word' id='word_1_180' title='bbox 825 1774 918 1826; x_wconf 90' lang='lat' dir='ltr'>urbem</span> <span class='ocrx_word' id='word_1_181' title='bbox 935 1789 992 1840; x_wconf 88' lang='lat' dir='ltr'>pro-</span> 
     </span>
     <span class='ocr_line' id='line_1_24' title="bbox 84 1839 991 1909; baseline 0.002 -17"><span class='ocrx_word' id='word_1_182' title='bbox 84 1842 202 1892; x_wconf 87' lang='lat' dir='ltr'>mittens.</span> <span class='ocrx_word' id='word_1_183' title='bbox 238 1839 354 1907; x_wconf 87' lang='lat' dir='ltr'>Benigno</span> <span class='ocrx_word' id='word_1_184' title='bbox 373 1840 498 1909; x_wconf 76' lang='lat' dir='ltr'>juvenem</span> <span class='ocrx_word' id='word_1_185' title='bbox 518 1840 622 1908; x_wconf 83' lang='lat' dir='ltr'>excepit</span> <span class='ocrx_word' id='word_1_186' title='bbox 641 1857 693 1906; x_wconf 78' lang='lat' dir='ltr'>rex,</span> <span class='ocrx_word' id='word_1_187' title='bbox 712 1849 739 1892; x_wconf 89' lang='lat' dir='ltr'>et</span> <span class='ocrx_word' id='word_1_188' title='bbox 757 1841 852 1894; x_wconf 90' lang='lat' dir='ltr'>eodem</span> <span class='ocrx_word' id='word_1_189' title='bbox 870 1841 939 1894; x_wconf 90' lang='lat' dir='ltr'>duce</span> <span class='ocrx_word' id='word_1_190' title='bbox 957 1841 991 1894; x_wconf 90' lang='lat' dir='ltr'>ad</span> 
     </span>
     <span class='ocr_line' id='line_1_25' title="bbox 85 1907 992 1979; baseline 0.001 -17"><span class='ocrx_word' id='word_1_191' title='bbox 85 1909 228 1978; x_wconf 82' lang='lat' dir='ltr'>Choaspin⁶</span> <span class='ocrx_word' id='word_1_192' title='bbox 240 1926 344 1961; x_wconf 91' lang='lat' dir='ltr'>amnem</span> <span class='ocrx_word' id='word_1_193' title='bbox 358 1911 483 1979; x_wconf 89' lang='lat' dir='ltr'>pervenit,</span> <span class='ocrx_word' id='word_1_194' title='bbox 497 1909 647 1977; x_wconf 90' lang='lat' dir='ltr'>delicatam,</span> <span class='ocrx_word' id='word_1_195' title='bbox 661 1918 688 1960; x_wconf 92' lang='lat' dir='ltr'>ut</span> <span class='ocrx_word' id='word_1_196' title='bbox 701 1907 774 1961; x_wconf 85' lang='lat' dir='ltr'>lama</span> <span class='ocrx_word' id='word_1_197' title='bbox 785 1917 834 1978; x_wconf 89' lang='lat' dir='ltr'>est,</span> <span class='ocrx_word' id='word_1_198' title='bbox 847 1910 992 1964; x_wconf 88' lang='lat' dir='ltr'>vehentem</span> 
     </span>
     <span class='ocr_line' id='line_1_26' title="bbox 84 1977 992 2049; baseline 0 -18"><span class='ocrx_word' id='word_1_199' title='bbox 84 1995 193 2049; x_wconf 88' lang='lat' dir='ltr'>aquarn.</span> <span class='ocrx_word' id='word_1_200' title='bbox 230 1979 279 2030; x_wconf 84' lang='lat' dir='ltr'>Hic</span> <span class='ocrx_word' id='word_1_201' title='bbox 291 1978 413 2032; x_wconf 89' lang='lat' dir='ltr'>Abulites</span> <span class='ocrx_word' id='word_1_202' title='bbox 431 1997 493 2032; x_wconf 90' lang='lat' dir='ltr'>cum</span> <span class='ocrx_word' id='word_1_203' title='bbox 511 1979 587 2030; x_wconf 86' lang='lat' dir='ltr'>donis</span> <span class='ocrx_word' id='word_1_204' title='bbox 604 1977 702 2045; x_wconf 73' lang='lat' dir='ltr'>regalis</span> <span class='ocrx_word' id='word_1_205' title='bbox 713 1977 863 2046; x_wconf 87' lang='lat' dir='ltr'>opulentiae</span> <span class='ocrx_word' id='word_1_206' title='bbox 875 1979 992 2032; x_wconf 89' lang='lat' dir='ltr'>occurrit.</span> 
     </span>
     <span class='ocr_line' id='line_1_27' title="bbox 86 2046 992 2115; baseline 0.001 -15"><span class='ocrx_word' id='word_1_207' title='bbox 86 2048 234 2100; x_wconf 87' lang='lat' dir='ltr'>Dromades</span> <span class='ocrx_word' id='word_1_208' title='bbox 250 2048 357 2102; x_wconf 81' lang='lat' dir='ltr'>cameli⁷</span> <span class='ocrx_word' id='word_1_209' title='bbox 374 2049 440 2100; x_wconf 90' lang='lat' dir='ltr'>inter</span> <span class='ocrx_word' id='word_1_210' title='bbox 457 2047 526 2100; x_wconf 91' lang='lat' dir='ltr'>dona</span> <span class='ocrx_word' id='word_1_211' title='bbox 543 2055 616 2099; x_wconf 86' lang='lat' dir='ltr'>erant</span> <span class='ocrx_word' id='word_1_212' title='bbox 635 2046 784 2099; x_wconf 88' lang='lat' dir='ltr'>velocitatis</span> <span class='ocrx_word' id='word_1_213' title='bbox 802 2047 924 2115; x_wconf 83' lang='lat' dir='ltr'>eximiae,</span> <span class='ocrx_word' id='word_1_214' title='bbox 943 2047 992 2101; x_wconf 88' lang='lat' dir='ltr'>XII</span> 
     </span>
     <span class='ocr_line' id='line_1_28' title="bbox 85 2115 992 2187; baseline -0.002 -17"><span class='ocrx_word' id='word_1_215' title='bbox 85 2117 221 2186; x_wconf 88' lang='lat' dir='ltr'>elephanti</span> <span class='ocrx_word' id='word_1_216' title='bbox 239 2135 255 2168; x_wconf 93' lang='lat' dir='ltr'>a</span> <span class='ocrx_word' id='word_1_217' title='bbox 272 2117 358 2170; x_wconf 86' lang='lat' dir='ltr'>Dareo</span> <span class='ocrx_word' id='word_1_218' title='bbox 377 2135 410 2170; x_wconf 82' lang='lat' dir='ltr'>ex</span> <span class='ocrx_word' id='word_1_219' title='bbox 429 2118 503 2170; x_wconf 84' lang='lat' dir='ltr'>ludia</span> <span class='ocrx_word' id='word_1_220' title='bbox 520 2117 606 2186; x_wconf 90' lang='lat' dir='ltr'>acciti,</span> <span class='ocrx_word' id='word_1_221' title='bbox 623 2115 678 2187; x_wconf 87' lang='lat' dir='ltr'>jam</span> <span class='ocrx_word' id='word_1_222' title='bbox 697 2133 747 2170; x_wconf 90' lang='lat' dir='ltr'>nou</span> <span class='ocrx_word' id='word_1_223' title='bbox 766 2125 853 2185; x_wconf 89' lang='lat' dir='ltr'>terror,</span> <span class='ocrx_word' id='word_1_224' title='bbox 866 2127 895 2169; x_wconf 92' lang='lat' dir='ltr'>ut</span> <span class='ocrx_word' id='word_1_225' title='bbox 907 2134 992 2185; x_wconf 89' lang='lat' dir='ltr'>spera·</span> 
     </span>
     <span class='ocr_line' id='line_1_29' title="bbox 85 2185 993 2256; baseline 0.002 -18"><span class='ocrx_word' id='word_1_226' title='bbox 85 2195 168 2254; x_wconf 86' lang='lat' dir='ltr'>verat,</span> <span class='ocrx_word' id='word_1_227' title='bbox 193 2185 380 2256; x_wconf 89' lang='lat' dir='ltr'>Macedonum,</span> <span class='ocrx_word' id='word_1_228' title='bbox 406 2186 453 2238; x_wconf 92' lang='lat' dir='ltr'>sed</span> <span class='ocrx_word' id='word_1_229' title='bbox 476 2186 611 2254; x_wconf 82' lang='lat' dir='ltr'>auxilium,</span> <span class='ocrx_word' id='word_1_230' title='bbox 637 2202 700 2255; x_wconf 90' lang='lat' dir='ltr'>opes</span> <span class='ocrx_word' id='word_1_231' title='bbox 722 2186 785 2239; x_wconf 84' lang='lat' dir='ltr'>victi</span> <span class='ocrx_word' id='word_1_232' title='bbox 809 2187 843 2238; x_wconf 89' lang='lat' dir='ltr'>ad</span> <span class='ocrx_word' id='word_1_233' title='bbox 866 2187 993 2240; x_wconf 88' lang='lat' dir='ltr'>victorem</span> 
     </span>
    </p>
   </div>
   <div class='ocr_carea' id='block_1_5' title="bbox 3 2255 994 2673">
    <p class='ocr_par' dir='ltr' id='par_1_6' title="bbox 3 2255 994 2673">
     <span class='ocr_line' id='line_1_30' title="bbox 86 2255 993 2325; baseline 0.001 -16"><span class='ocrx_word' id='word_1_234' title='bbox 86 2255 261 2310; x_wconf 83' lang='lat' dir='ltr'>transferente</span> <span class='ocrx_word' id='word_1_235' title='bbox 282 2255 393 2308; x_wconf 82' lang='lat' dir='ltr'>fortuna.</span> <span class='ocrx_word' id='word_1_236' title='bbox 429 2257 464 2309; x_wconf 90' lang='lat' dir='ltr'>Ut</span> <span class='ocrx_word' id='word_1_237' title='bbox 482 2273 544 2307; x_wconf 89' lang='lat' dir='ltr'>vero</span> <span class='ocrx_word' id='word_1_238' title='bbox 565 2255 657 2308; x_wconf 90' lang='lat' dir='ltr'>urbem</span> <span class='ocrx_word' id='word_1_239' title='bbox 679 2255 791 2325; x_wconf 85' lang='lat' dir='ltr'>intravit,</span> <span class='ocrx_word' id='word_1_240' title='bbox 810 2255 993 2310; x_wconf 87' lang='lat' dir='ltr'>incredibilem</span> 
     </span>
     <span class='ocr_line' id='line_1_31' title="bbox 3 2323 993 2394; baseline 0.003 -16"><span class='ocrx_word' id='word_1_241' title='bbox 3 2355 4 2358; x_wconf 63' lang='lat'><em>=</em></span> <span class='ocrx_word' id='word_1_242' title='bbox 87 2341 121 2378; x_wconf 87' lang='lat' dir='ltr'>ex</span> <span class='ocrx_word' id='word_1_243' title='bbox 145 2323 277 2377; x_wconf 87' lang='lat' dir='ltr'>thesauris</span> <span class='ocrx_word' id='word_1_244' title='bbox 300 2341 433 2378; x_wconf 89' lang='lat' dir='ltr'>summam</span> <span class='ocrx_word' id='word_1_245' title='bbox 453 2325 581 2394; x_wconf 88' lang='lat' dir='ltr'>pecuniae</span> <span class='ocrx_word' id='word_1_246' title='bbox 602 2325 705 2394; x_wconf 80' lang='lat' dir='ltr'>egessit,</span> <span class='ocrx_word' id='word_1_247' title='bbox 728 2326 749 2377; x_wconf 95' lang='lat' dir='ltr'>L</span> <span class='ocrx_word' id='word_1_248' title='bbox 770 2326 993 2382; x_wconf 84' lang='lat' dir='ltr'>miliatalerrturn</span> 
     </span>
     <span class='ocr_line' id='line_1_32' title="bbox 85 2393 994 2465; baseline 0.003 -19"><span class='ocrx_word' id='word_1_249' title='bbox 85 2395 189 2462; x_wconf 84' lang='lat' dir='ltr'>argenti</span> <span class='ocrx_word' id='word_1_250' title='bbox 210 2411 260 2446; x_wconf 89' lang='lat' dir='ltr'>non</span> <span class='ocrx_word' id='word_1_251' title='bbox 282 2394 377 2461; x_wconf 85' lang='lat' dir='ltr'>signati</span> <span class='ocrx_word' id='word_1_252' title='bbox 397 2393 488 2463; x_wconf 85' lang='lat' dir='ltr'>forma,</span> <span class='ocrx_word' id='word_1_253' title='bbox 510 2393 557 2446; x_wconf 88' lang='lat' dir='ltr'>sed</span> <span class='ocrx_word' id='word_1_254' title='bbox 577 2393 634 2446; x_wconf 89' lang='lat' dir='ltr'>rudi</span> <span class='ocrx_word' id='word_1_255' title='bbox 657 2394 782 2463; x_wconf 85' lang='lat' dir='ltr'>pondere.</span> <span class='ocrx_word' id='word_1_256' title='bbox 817 2395 895 2448; x_wconf 90' lang='lat' dir='ltr'>Multi</span> <span class='ocrx_word' id='word_1_257' title='bbox 917 2414 994 2465; x_wconf 86' lang='lat' dir='ltr'>reges</span> 
     </span>
     <span class='ocr_line' id='line_1_33' title="bbox 87 2461 992 2546; baseline 0.002 -30"><span class='ocrx_word' id='word_1_258' title='bbox 87 2473 175 2518; x_wconf 87' lang='lat' dir='ltr'>tantas</span> <span class='ocrx_word' id='word_1_259' title='bbox 186 2480 251 2531; x_wconf 92' lang='lat' dir='ltr'>opes</span> <span class='ocrx_word' id='word_1_260' title='bbox 262 2462 340 2530; x_wconf 83' lang='lat' dir='ltr'>longa</span> <span class='ocrx_word' id='word_1_261' title='bbox 353 2471 440 2516; x_wconf 86' lang='lat' dir='ltr'>aetate</span> <span class='ocrx_word' id='word_1_262' title='bbox 458 2463 656 2516; x_wconf 84' lang='lat' dir='ltr'>cumulaverant</span> <span class='ocrx_word' id='word_1_263' title='bbox 674 2461 764 2516; x_wconf 85' lang='lat' dir='ltr'>liberis</span> <span class='ocrx_word' id='word_1_264' title='bbox 780 2467 951 2546; x_wconf 85' lang='lat' dir='ltr'>posterisque,</span> <span class='ocrx_word' id='word_1_265' title='bbox 963 2475 992 2518; x_wconf 91' lang='lat' dir='ltr'>ut</span> 
     </span>
     <span class='ocr_line' id='line_1_34' title="bbox 86 2532 992 2602; baseline 0.002 -16"><span class='ocrx_word' id='word_1_266' title='bbox 86 2533 287 2600; x_wconf 89' lang='lat' dir='ltr'>arbitrabantur,</span> <span class='ocrx_word' id='word_1_267' title='bbox 301 2549 368 2600; x_wconf 91' lang='lat' dir='ltr'>quas</span> <span class='ocrx_word' id='word_1_268' title='bbox 384 2549 437 2586; x_wconf 88' lang='lat' dir='ltr'>una</span> <span class='ocrx_word' id='word_1_269' title='bbox 454 2532 517 2587; x_wconf 89' lang='lat' dir='ltr'>hora</span> <span class='ocrx_word' id='word_1_270' title='bbox 536 2533 562 2586; x_wconf 91' lang='lat' dir='ltr'>in</span> <span class='ocrx_word' id='word_1_271' title='bbox 580 2533 680 2586; x_wconf 84' lang='lat' dir='ltr'>externi</span> <span class='ocrx_word' id='word_1_272' title='bbox 697 2533 768 2602; x_wconf 90' lang='lat' dir='ltr'>regis</span> <span class='ocrx_word' id='word_1_273' title='bbox 785 2550 880 2588; x_wconf 86' lang='lat' dir='ltr'>manus</span> <span class='ocrx_word' id='word_1_274' title='bbox 897 2535 992 2588; x_wconf 85' lang='lat' dir='ltr'>rotulit.</span> 
     </span>
     <span class='ocr_line' id='line_1_35' title="bbox 86 2601 993 2673; baseline 0.002 -18"><span class='ocrx_word' id='word_1_275' title='bbox 86 2601 214 2656; x_wconf 87' lang='lat' dir='ltr'>Consedit</span> <span class='ocrx_word' id='word_1_276' title='bbox 232 2601 328 2654; x_wconf 89' lang='lat' dir='ltr'>deinde</span> <span class='ocrx_word' id='word_1_277' title='bbox 348 2603 374 2654; x_wconf 93' lang='lat' dir='ltr'>in</span> <span class='ocrx_word' id='word_1_278' title='bbox 394 2603 466 2669; x_wconf 88' lang='lat' dir='ltr'>regia</span> <span class='ocrx_word' id='word_1_279' title='bbox 485 2601 551 2655; x_wconf 91' lang='lat' dir='ltr'>sella</span> <span class='ocrx_word' id='word_1_280' title='bbox 571 2602 654 2654; x_wconf 89' lang='lat' dir='ltr'>multo</span> <span class='ocrx_word' id='word_1_281' title='bbox 677 2602 821 2656; x_wconf 81' lang='lat' dir='ltr'>excelsiore</span> <span class='ocrx_word' id='word_1_282' title='bbox 844 2621 924 2672; x_wconf 87' lang='lat' dir='ltr'>quarn</span> <span class='ocrx_word' id='word_1_283' title='bbox 947 2619 993 2673; x_wconf 90' lang='lat' dir='ltr'>pro</span> 
     </span>
    </p>
   </div>
   <div class='ocr_carea' id='block_1_6' title="bbox 115 2741 991 2805">
    <p class='ocr_par' dir='ltr' id='par_1_7' title="bbox 115 2741 991 2805">
     <span class='ocr_line' id='line_1_36' title="bbox 115 2741 991 2805; baseline -0.003 -13"><span class='ocrx_word' id='word_1_284' title='bbox 115 2751 123 2774; x_wconf 86' lang='lat'><em>¹</em></span> <span class='ocrx_word' id='word_1_285' title='bbox 134 2745 171 2792; x_wconf 84' lang='lat' dir='ltr'>At</span> <span class='ocrx_word' id='word_1_286' title='bbox 182 2760 242 2792; x_wconf 89' lang='lat' dir='ltr'>onos</span> <span class='ocrx_word' id='word_1_287' title='bbox 252 2744 352 2792; x_wconf 81' lang='lat' dir='ltr'>witness</span> <span class='ocrx_word' id='word_1_288' title='bbox 366 2745 413 2792; x_wconf 87' lang='lat' dir='ltr'>and</span> <span class='ocrx_word' id='word_1_289' title='bbox 425 2744 515 2805; x_wconf 77' lang='lat' dir='ltr'>judge3</span> <span class='ocrx_word' id='word_1_290' title='bbox 532 2742 694 2803; x_wconf 81' lang='lat' dir='ltr'>conformably</span> <span class='ocrx_word' id='word_1_291' title='bbox 705 2753 730 2791; x_wconf 88' lang='lat' dir='ltr'>to</span> <span class='ocrx_word' id='word_1_292' title='bbox 742 2743 783 2790; x_wconf 90' lang='lat' dir='ltr'>tha</span> <span class='ocrx_word' id='word_1_293' title='bbox 794 2741 900 2802; x_wconf 88' lang='lat' dir='ltr'>peculiar</span> <span class='ocrx_word' id='word_1_294' title='bbox 909 2758 953 2790; x_wconf 87' lang='lat' dir='ltr'>use</span> <span class='ocrx_word' id='word_1_295' title='bbox 963 2741 991 2790; x_wconf 85' lang='lat' dir='ltr'>ol</span> 
     </span>
    </p>
   </div>
   <div class='ocr_carea' id='block_1_7' title="bbox 21 2807 155 2858">
    <p class='ocr_par' dir='ltr' id='par_1_8' title="bbox 21 2807 155 2858">
     <span class='ocr_line' id='line_1_37' title="bbox 21 2807 155 2858; baseline -0.015 -6"><span class='ocrx_word' id='word_1_296' title='bbox 21 2853 25 2858; x_wconf 84' lang='grc'><em>,</em></span> <span class='ocrx_word' id='word_1_297' title='bbox 87 2807 155 2852; x_wconf 70' lang='lat' dir='ltr'>rilem.</span> 
     </span>
    </p>
   </div>
   <div class='ocr_carea' id='block_1_8' title="bbox 86 2857 993 3450">
    <p class='ocr_par' dir='ltr' id='par_1_9' title="bbox 87 2857 992 3093">
     <span class='ocr_line' id='line_1_38' title="bbox 115 2857 991 2932; baseline -0.006 -21"><span class='ocrx_word' id='word_1_298' title='bbox 115 2869 125 2894; x_wconf 73' lang='lat'>²</span> <span class='ocrx_word' id='word_1_299' title='bbox 135 2865 219 2911; x_wconf 79' lang='lat' dir='ltr'>Honor</span> <span class='ocrx_word' id='word_1_300' title='bbox 229 2862 256 2932; x_wconf 65' lang='lat'>‚³⁵</span> <span class='ocrx_word' id='word_1_301' title='bbox 270 2875 338 2909; x_wconf 88' lang='lat' dir='ltr'>more</span> <span class='ocrx_word' id='word_1_302' title='bbox 347 2877 464 2930; x_wconf 72' lang='lat' dir='ltr'>¹common</span> <span class='ocrx_word' id='word_1_303' title='bbox 475 2861 533 2930; x_wconf 78' lang='lat' dir='ltr'>than</span> <span class='ocrx_word' id='word_1_304' title='bbox 543 2858 649 2930; x_wconf 73' lang='lat' dir='ltr'>linurin</span> <span class='ocrx_word' id='word_1_305' title='bbox 659 2859 700 2908; x_wconf 87' lang='lat' dir='ltr'>tho</span> <span class='ocrx_word' id='word_1_306' title='bbox 717 2859 791 2906; x_wconf 87' lang='lat' dir='ltr'>Latin</span> <span class='ocrx_word' id='word_1_307' title='bbox 806 2857 904 2906; x_wconf 88' lang='lat' dir='ltr'>authors</span> <span class='ocrx_word' id='word_1_308' title='bbox 919 2873 991 2918; x_wconf 76' lang='lat' dir='ltr'>gene·</span> 
     </span>
     <span class='ocr_line' id='line_1_39' title="bbox 87 2921 992 3040; baseline -0.007 -10"><span class='ocrx_word' id='word_1_309' title='bbox 87 2921 432 3035; x_wconf 53' lang='lat' dir='ltr'>mllhlritnlhlrseliledriiilvtiirla‘l</span> <span class='ocrx_word' id='word_1_310' title='bbox 437 2921 709 3040; x_wconf 52' lang='lat' dir='ltr'>iiorhlilrinurilicririearsss</span> <span class='ocrx_word' id='word_1_311' title='bbox 722 2990 749 3022; x_wconf 91' lang='lat' dir='ltr'>or</span> <span class='ocrx_word' id='word_1_312' title='bbox 762 2980 807 3022; x_wconf 79' lang='lat' dir='ltr'>‘aa</span> <span class='ocrx_word' id='word_1_313' title='bbox 817 2973 908 3035; x_wconf 85' lang='lat' dir='ltr'>elderly</span> <span class='ocrx_word' id='word_1_314' title='bbox 918 2976 992 3024; x_wconf 68' lang='lat' dir='ltr'>man!</span> 
     </span>
     <span class='ocr_line' id='line_1_40' title="bbox 87 3039 381 3093; baseline -0.014 -3"><span class='ocrx_word' id='word_1_315' title='bbox 87 3041 134 3090; x_wconf 87' lang='lat' dir='ltr'>See</span> <span class='ocrx_word' id='word_1_316' title='bbox 149 3041 229 3088; x_wconf 86' lang='lat' dir='ltr'>Grom.</span> <span class='ocrx_word' id='word_1_317' title='bbox 242 3039 255 3089; x_wconf 79' lang='lat' dir='ltr'>l</span> <span class='ocrx_word' id='word_1_318' title='bbox 266 3043 304 3093; x_wconf 88' lang='grc'>89,</span> <span class='ocrx_word' id='word_1_319' title='bbox 318 3048 381 3086; x_wconf 89' lang='lat' dir='ltr'>note.</span> 
     </span>
    </p>

    <p class='ocr_par' dir='ltr' id='par_1_10' title="bbox 114 3091 992 3202">
     <span class='ocr_line' id='line_1_41' title="bbox 114 3091 992 3202; baseline 0.015 -73"><span class='ocrx_word' id='word_1_320' title='bbox 114 3105 123 3130; x_wconf 70' lang='lat' dir='ltr'>r</span> <span class='ocrx_word' id='word_1_321' title='bbox 134 3099 183 3168; x_wconf 80' lang='lat' dir='ltr'>For</span> <span class='ocrx_word' id='word_1_322' title='bbox 192 3098 232 3144; x_wconf 85' lang='lat' dir='ltr'>the</span> <span class='ocrx_word' id='word_1_323' title='bbox 242 3097 398 3166; x_wconf 81' lang='lat' dir='ltr'>compositiqn</span> <span class='ocrx_word' id='word_1_324' title='bbox 407 3097 435 3144; x_wconf 88' lang='lat' dir='ltr'>os</span> <span class='ocrx_word' id='word_1_325' title='bbox 441 3097 490 3144; x_wconf 83' lang='lat' dir='ltr'>this</span> <span class='ocrx_word' id='word_1_326' title='bbox 501 3096 546 3144; x_wconf 87' lang='lat' dir='ltr'>and</span> <span class='ocrx_word' id='word_1_327' title='bbox 558 3094 649 3143; x_wconf 88' lang='lat' dir='ltr'>similar</span> <span class='ocrx_word' id='word_1_328' title='bbox 657 3091 908 3202; x_wconf 55' lang='lat' dir='ltr'>adperhsppptgrum.</span> <span class='ocrx_word' id='word_1_329' title='bbox 918 3094 992 3146; x_wconf 71' lang='lat' dir='ltr'>teet.</span> 
     </span>
    </p>

    <p class='ocr_par' dir='ltr' id='par_1_11' title="bbox 86 3153 993 3450">
     <span class='ocr_line' id='line_1_42' title="bbox 114 3153 993 3271; baseline -0.008 -6"><span class='ocrx_word' id='word_1_330' title='bbox 114 3153 742 3270; x_wconf 53' lang='lat' dir='ltr'>l{lhiaiirinlentillihiiliiihiuvihioadithseihgliiiistiii</span> <span class='ocrx_word' id='word_1_331' title='bbox 756 3226 782 3260; x_wconf 85' lang='lat' dir='ltr'>or</span> <span class='ocrx_word' id='word_1_332' title='bbox 798 3187 926 3271; x_wconf 75' lang='lat' dir='ltr'>Choaspis,</span> <span class='ocrx_word' id='word_1_333' title='bbox 938 3226 993 3258; x_wconf 85' lang='lat' dir='ltr'>now</span> 
     </span>
     <span class='ocr_line' id='line_1_43' title="bbox 86 3275 991 3394; baseline -0.008 -11"><span class='ocrx_word' id='word_1_334' title='bbox 86 3275 344 3394; x_wconf 41' lang='lat' dir='ltr'>agrpptplripqeppffiels</span> <span class='ocrx_word' id='word_1_335' title='bbox 353 3332 370 3390; x_wconf 86' lang='lat'>;’</span> <span class='ocrx_word' id='word_1_336' title='bbox 386 3331 436 3378; x_wconf 89' lang='lat' dir='ltr'>that</span> <span class='ocrx_word' id='word_1_337' title='bbox 448 3331 477 3386; x_wconf 88' lang='lat' dir='ltr'>is,</span> <span class='ocrx_word' id='word_1_338' title='bbox 490 3339 531 3377; x_wconf 90' lang='lat' dir='ltr'>not</span> <span class='ocrx_word' id='word_1_339' title='bbox 543 3345 557 3377; x_wconf 88' lang='lat' dir='ltr'>a</span> <span class='ocrx_word' id='word_1_340' title='bbox 567 3327 694 3388; x_wconf 87' lang='lat' dir='ltr'>particular</span> <span class='ocrx_word' id='word_1_341' title='bbox 704 3329 797 3389; x_wconf 88' lang='lat' dir='ltr'>species</span> <span class='ocrx_word' id='word_1_342' title='bbox 807 3329 836 3378; x_wconf 84' lang='lat' dir='ltr'>ol</span> <span class='ocrx_word' id='word_1_343' title='bbox 842 3330 883 3377; x_wconf 88' lang='lat' dir='ltr'>the</span> <span class='ocrx_word' id='word_1_344' title='bbox 894 3328 991 3386; x_wconf 85' lang='lat' dir='ltr'>animal,</span> 
     </span>
     <span class='ocr_line' id='line_1_44' title="bbox 87 3387 993 3450; baseline -0.008 -6"><span class='ocrx_word' id='word_1_345' title='bbox 87 3397 129 3444; x_wconf 86' lang='lat' dir='ltr'>but</span> <span class='ocrx_word' id='word_1_346' title='bbox 140 3393 233 3443; x_wconf 81' lang='lat' dir='ltr'>camela</span> <span class='ocrx_word' id='word_1_347' title='bbox 245 3390 337 3441; x_wconf 87' lang='lat' dir='ltr'>trained</span> <span class='ocrx_word' id='word_1_348' title='bbox 347 3402 372 3439; x_wconf 91' lang='lat' dir='ltr'>to</span> <span class='ocrx_word' id='word_1_349' title='bbox 383 3389 492 3450; x_wconf 86' lang='lat' dir='ltr'>carrying</span> <span class='ocrx_word' id='word_1_350' title='bbox 501 3389 616 3446; x_wconf 77' lang='lat' dir='ltr'>cornere,</span> <span class='ocrx_word' id='word_1_351' title='bbox 627 3388 687 3437; x_wconf 89' lang='lat' dir='ltr'>such</span> <span class='ocrx_word' id='word_1_352' title='bbox 697 3403 724 3437; x_wconf 87' lang='lat' dir='ltr'>as</span> <span class='ocrx_word' id='word_1_353' title='bbox 735 3403 774 3438; x_wconf 86' lang='lat' dir='ltr'>are</span> <span class='ocrx_word' id='word_1_354' title='bbox 785 3388 835 3437; x_wconf 87' lang='lat' dir='ltr'>still</span> <span class='ocrx_word' id='word_1_355' title='bbox 846 3387 906 3437; x_wconf 85' lang='lat' dir='ltr'>used</span> <span class='ocrx_word' id='word_1_356' title='bbox 916 3387 941 3436; x_wconf 89' lang='lat' dir='ltr'>iu</span> <span class='ocrx_word' id='word_1_357' title='bbox 951 3387 993 3439; x_wconf 82' lang='lat' dir='ltr'>the</span> 
     </span>
    </p>
   </div>
   <div class='ocr_carea' id='block_1_9' title="bbox 88 3455 156 3504">
    <p class='ocr_par' dir='ltr' id='par_1_12' title="bbox 88 3455 156 3504">
     <span class='ocr_line' id='line_1_45' title="bbox 88 3455 156 3504; baseline -0.029 0"><span class='ocrx_word' id='word_1_358' title='bbox 88 3455 156 3504; x_wconf 77' lang='lat' dir='ltr'>East.</span> 
     </span>
    </p>
   </div>
   <div class='ocr_carea' id='block_1_10' title="bbox 0 0 1158 3846">
    <p class='ocr_par' dir='ltr' id='par_1_13' title="bbox 0 0 1158 3846">
     <span class='ocr_line' id='line_1_46' title="bbox 0 0 1158 3846; baseline 0 0"><span class='ocrx_word' id='word_1_359' title='bbox 0 0 1158 3846; x_wconf 95' lang='lat' dir='ltr'> </span> 
     </span>
    </p>
   </div>
  </div>
 </body>
</html>
