2322 3850
151 223 189 278 80
416 236 456 278 aa
479 235 584 278 essars
604 235 787 277 rasxrrrnar.

149 345 235 400 solum
247 345 303 414 regi
315 352 349 416 te,
362 344 409 400 sed
421 344 505 400 etiam
517 353 561 400 tuo
573 343 696 398 scribere.
733 343 775 398 Ad
787 343 856 398 harro
867 343 1055 416 perferendam

149 415 313 486 Thersippus
324 423 364 468 est
375 416 482 469 missus.

183 489 208 536 ³.
227 485 288 554 Ipse
300 484 328 537 iu
339 484 489 538 Phoenicen
507 482 652 552 descendit,
666 490 692 535 et
709 481 838 553 oppidum
855 481 957 552 Byblon
977 481 1056 536 tradi·

149 563 207 606 tum
227 554 333 624 recepit.
369 553 485 607 Indead
504 553 599 607 Sidona
618 560 727 604 rentum
747 561 794 620 est,
811 551 905 605 urbem
924 561 1057 604 vetustate

141 622 274 692 ¹famaque
304 623 469 676 conditorum
499 622 625 676 inclitam.
669 621 806 690 Regnabat
835 622 860 673 in
893 637 926 673 ea
953 621 1056 690 Strato,¹

149 692 227 745 Darei
238 692 332 761 opibus
343 692 457 764 adjutus,
470 692 517 744 sed
529 692 592 761 quia
609 689 773 744 deditionem
785 691 869 759 magis
882 691 1056 760 popularium,

147 777 228 840 quam
252 777 300 814 sua
322 771 416 832 sponte
438 761 546 830 lecerat,
570 775 651 828 reguo
673 759 746 813 visus
769 760 898 830 indignus,
920 760 1057 829 Hephaes·

148 831 264 900 tronique
287 833 456 902 permissum,
477 839 513 900 ut,
534 847 615 900 quem
640 845 672 880 eo
692 829 808 897 lastigie
827 847 843 881 e
864 830 977 882 Sidoniis
999 829 1057 896 dig·

147 900 287 954 nissimum
305 902 475 956 arbitraretur
491 899 659 953 constitueret
678 915 777 966 regem.
814 900 895 952 Erant
918 897 1057 968 Hephaes-

148 969 226 1022 tionis
242 970 361 1040 hospites
377 969 443 1024 clari
460 971 526 1022 inter
544 985 606 1022 suos
627 967 753 1038 juvenes:
777 969 822 1038 qui
841 969 911 1020 lacta
929 969 997 1038 ipsis
1013 987 1058 1038 po·

147 1046 243 1093 testate
262 1040 396 1109 regnandi,
416 1046 587 1108 negaverunt,
603 1054 766 1107 quemquam
787 1039 870 1108 patrio
890 1054 963 1090 more
984 1039 1011 1090 in
1032 1039 1057 1092 id

147 1106 284 1178 fastigium
309 1109 397 1178 recipi,
421 1109 474 1162 nisi
497 1109 569 1178 regia
593 1108 674 1177 stirpe
697 1117 792 1160 ortum.
828 1107 982 1160 Admiratus
1005 1107 1058 1160 He-

147 1178 286 1258 phaestion
310 1177 519 1246 magnitudinem
537 1177 630 1231 animi
659 1178 813 1245 sementis,
837 1179 906 1246 quod
935 1177 981 1229 alii
1010 1193 1059 1246 per

146 1247 386 1317 rgueslerrumque
404 1255 532 1317 peterent,
545 1247 599 1299 Vos
616 1247 659 1317 qui
682 1263 726 1298 ern
744 1246 824 1299 macti
844 1247 949 1315 virtute,
961 1246 1057 1316 inquit,

146 1325 239 1396 estote,
260 1317 306 1386 qui
329 1317 408 1386 primi
427 1316 603 1386 intellexistis,
624 1324 722 1384 quanto
743 1316 830 1384 majus
849 1324 919 1368 esset
944 1333 1057 1395 regnum

147 1383 272 1454 iastidrre,
297 1402 378 1455 quam
401 1387 532 1455 accipere.
580 1386 703 1438 Ceterum
731 1385 794 1438 date
822 1383 939 1454 aliquem
966 1403 1057 1454 regrae
1153 1397 1154 1406 ¹

147 1454 242 1526 stirpis,
256 1455 301 1574 qui
312 1455 481 1524 meminerit,³
492 1472 509 1507 a
522 1454 595 1507 vobis
611 1463 752 1526 acceptum
770 1453 868 1507 habere
888 1472 916 1506 se
936 1471 1057 1524 regnum.

147 1527 234 1594 Atque
258 1523 305 1592 ili,
329 1541 392 1577 eum
415 1525 513 1577 multos
536 1525 676 1576 imminere
705 1532 794 1576 tantae
823 1523 880 1594 spei
907 1535 1056 1594 cernerent,
1152 1577 1154 1602 ,

147 1593 257 1660 singulis
276 1593 421 1646 amicorum
442 1593 585 1647 Alexandri
606 1593 640 1646 ob
659 1592 770 1646 nimiam
790 1594 863 1661 regni
882 1594 1058 1662 cupiditatem
1153 1605 1154 1632 i

146 1662 438 1732 adulantes-statuunt,
459 1664 595 1716 neminem
619 1679 678 1716 esse
701 1664 840 1732 potiorem⁴
862 1679 943 1732 quam
967 1663 1058 1716 Abda·

146 1732 284 1802 lonymum
304 1732 447 1802 quendam,
468 1733 545 1802 longa
564 1733 673 1802 quidem
695 1732 850 1854 coqpatione
871 1733 943 1802 stirpi
968 1735 1057 1854 reqiae

146 1817 288 1872 annexum,
302 1803 348 1855 sed
361 1803 395 1856 ob
407 1803 522 1873 inopiam
535 1799 714 1856 suburbanum
752 1810 836 1854 ortum
855 1802 952 1870 exigua
969 1819 1001 1854 co
1012 1819 1058 1855 en·
1074 1807 1075 1811 ’

146 1879 204 1925 tem
223 1871 311 1941 stipe.⁶
347 1872 434 1926 Causa
454 1873 478 1926 ei
498 1889 549 1942 pau
586 1872 666 1938 rtatis,
686 1872 757 1923 sicut
780 1871 920 1942 plerisque,
940 1872 1059 1940 probitas

146 1949 202 1996 arat
210 1957 218 2010 3
246 1941 416 2012 intentusque
444 1944 517 2013 operi
563 1942 643 2008 iurno,
671 1941 810 2009 strepitum
837 1957 979 2012 armorum,
1011 1942 1057 2012 qui

145 2019 228 2066 totam
240 2013 334 2066 Asiam
346 2020 522 2081 concusserat,
535 2028 585 2064 non
598 2009 768 2064 exaudiebat.

180 2086 205 2134 4.
223 2081 315 2134 Subito
334 2081 432 2146 deinde
446 2081 481 2133 de
498 2081 595 2150 quibus
609 2088 670 2134 aute
688 2078 790 2133 dietum
809 2079 869 2148 est,⁶
887 2096 948 2132 curn
968 2081 1058 2148 regiae

145 2150 228 2202 vestis
239 2151 395 2218 insignibus⁷
407 2150 511 2202 hortum
530 2151 632 2219 intrant,
645 2165 727 2219 quern
745 2148 810 2202 lorte
829 2149 932 2202 steriles
949 2149 1059 2204 herbas*

145 2219 250 2286 eligens
272 2218 475 2287 Abdalonymus
499 2219 664 2288 repurgabat.
700 2219 770 2272 Tum
794 2235 856 2286 rege
879 2235 911 2270 eo
934 2219 1057 2288 salutato,

145 2287 212 2340 alter
231 2303 266 2340 ex
285 2287 341 2340 lris:
365 2287 486 2358 Habitus,
509 2289 600 2358 inquit,
625 2289 668 2342 hic
692 2288 794 2357 vestis‚⁹
813 2305 894 2356 quern
919 2289 1008 2341 cernis
1031 2289 1058 2342 in

145 2357 216 2412 meis
244 2356 374 2424 manibus,
400 2373 460 2410 curn
490 2357 539 2410 isto
568 2358 689 2427 squalore
717 2358 916 2426 permutandus,
935 2358 983 2410 tibi
1008 2367 1059 2412 est.

146 2425 235 2480 Ablue
253 2441 348 2494 corpus
366 2424 458 2479 illuvie
476 2428 642 2496 aeternisque
661 2427 780 2483 sordibus
796 2427 965 2507 squalidum:
991 2445 1058 2498 cape

147 2495 217 2563 regis
239 2494 366 2564 animum,
386 2503 413 2547 et
438 2497 465 2547 in
489 2513 550 2550 eam
569 2496 708 2564 fortunam,
729 2515 783 2566 qua
801 2497 897 2564 drgnus
917 2515 955 2563 es,
977 2497 1058 2552 istam

897 2572 1028 2580 —.-.—

176 2601 183 2624 ¹
196 2595 319 2655 Certainly
331 2609 346 2644 a
360 2595 471 2644 different
487 2611 573 2655 person
589 2596 650 2645 from
665 2596 706 2644 the
723 2597 804 2645 Strato
820 2598 958 2646 mentioned
974 2599 999 2648 in
1016 2601 1057 2651 tlte

146 2655 198 2706 first
210 2655 315 2714 chapter.
348 2655 405 2703 The
413 2671 484 2704 name
496 2655 516 2703 is
527 2671 542 2703 a
552 2671 663 2704 common
673 2671 727 2704 one.

174 2720 185 2746 ²
197 2715 317 2778 ‘Highest
328 2715 432 2775 position
442 2730 468 2763 or
479 2714 588 2774 dignu)

175 2775 277 2845 ’‘One·
286 2773 314 2823 of
325 2775 415 2882 suchfflq
429 2774 553 2881 characrqr
569 2775 846 2882 qqetqerqmqngqieqq
863 2775 933 2824 order
943 2775 997 2824 that
1009 2793 1057 2839 you

147 2851 204 2922 mvl
213 2837 518 2963 ffididnddglhndaffiddd
530 2849 626 2954 wyorthy
642 2893 670 2940 of
687 2903 696 2939 t
715 2909 728 2939 e
744 2871 855 2941 thrones
878 2893 962 2942 Potior
977 2907 1058 2950 wants

148 2953 189 3042 th?
196 2964 484 3069 ppgpravesqnassmd’,
492 3027 519 3060 or
529 3015 535 3038 ‘
544 3011 602 3058 with
612 3013 655 3058 but
664 3010 725 3058 little
732 3009 818 3071 profit’
845 3009 900 3059 The
909 3012 1057 3063 nominative

147 3071 240 3140 stipsis
251 3081 292 3118 not
303 3071 328 3119 in
338 3087 390 3129 use,
404 3073 448 3120 but
458 3071 561 3130 perhaps
570 3069 601 3138 all
613 3071 653 3118 the
664 3070 734 3118 other
744 3085 820 3138 cases.
838 3087 839 3091 ¹
852 3071 888 3119 Its
900 3073 1013 3134 meaning
1025 3075 1054 3131 is,

151 3128 471 3238 ‘rmeoe'ddrndddd'c’adibd
476 3131 606 3238 rppplppiirn
617 3130 658 3176 the
669 3145 735 3177 more
744 3127 836 3178 lrmrted
845 3146 924 3178 sense.
948 3129 1057 3184 Pecunia

148 3191 288 3316 hn‘sSadddly
299 3249 318 3296 ir'
328 3205 354 3296 ags
366 3249 508 3297 antecedent
519 3260 544 3298 to
555 3206 645 3309 sapidis,
656 3247 702 3296 and
714 3245 740 3296 as
751 3247 792 3296 the
803 3247 898 3309 subject
909 3258 934 3298 to
945 3251 1048 3300 intrant.

177 3311 186 3334 ³
196 3307 258 3375 Thra
269 3322 290 3354 rs
301 3307 392 3367 merely
403 3323 417 3354 a
427 3305 571 3368 periphrasis
582 3307 618 3355 lor
627 3324 678 3356 cum
689 3309 834 3369 reginberte.

176 3370 186 3397 ¹
196 3365 267 3422 Thra,
280 3381 307 3414 or
317 3367 400 3413 nuche
409 3368 496 3423 Ambae,
508 3368 529 3415 is
540 3367 581 3414 the
592 3366 733 3424 expression
742 3365 779 3414 for
792 3367 905 3416 ‘weeds’

177 3429 186 3454 '
196 3424 252 3472 'Phe
260 3424 422 3472 combinatiou
431 3427 522 3474 labsus
534 3427 605 3472 autu
616 3425 637 3473 is
648 3425 708 3474 used
719 3434 744 3474 to
754 3426 854 3484 express
864 3443 879 3476 a
888 3426 953 3476 fixsd
968 3427 1056 3478 formal

149 3481 245 3532 kindrol
254 3482 333 3541 dress,
345 3497 372 3531 as
383 3483 440 3530 here
449 3481 490 3532 the
501 3482 567 3544 royal
577 3483 657 3533 robes.
688 3483 735 3532 See
746 3483 779 3532 iii.
791 3487 814 3541 6,
826 3487 848 3534 3.
