2294 3842
119 179 180 236 20⁴
384 195 424 236 nr
447 195 557 238 errata
578 195 763 237 rurxrrrnnr.

119 304 145 358 in
168 305 302 372 reffl'onem
326 304 442 372 Horiton,
460 303 525 358 inde
548 303 660 358 totidem
681 302 821 358 diebusin
840 301 1027 359 Cedrosiorum

118 383 275 443 perventum
287 382 336 426 est.
372 373 451 426 Liber
462 373 506 427 hic
523 373 635 444 populus
646 372 758 425 concilio
771 372 860 426 habito
872 371 974 425 dedidit
987 388 1026 442 se,

118 442 333 512 necquicquam
356 442 454 496 deditis
475 452 579 512 praeter
600 452 767 496 commeatus
790 444 950 512 imperatum
975 451 1026 494 est.

118 509 216 568 Quinto
228 511 290 564 hinc
301 511 346 566 dis
358 511 431 566 venit
442 511 476 565 ad
488 512 605 568 flumen:
623 512 741 564 Arabum
760 511 863 564 incolae
881 509 1027 590 appellant.

117 579 199 647 Regio
211 580 316 634 deserta
327 594 355 634 et
373 598 502 650 aquarum
523 582 598 650 inops
616 581 729 650 excipit:
749 597 832 649 qnam
851 597 980 634 emensus
1001 597 1028 634 m

117 647 223 702 Horitas
246 649 346 704 transit.
387 651 428 704 lbi
452 649 580 718 majorem
606 650 738 702 exercitus
763 660 866 718 partem
889 649 1028 719 Hephaes-

118 719 181 770 tioni
194 718 307 790 tradidit,
320 719 409 772 levem
420 729 580 773 armaturam
593 736 654 772 cum
668 719 820 772 Ptolemaeo
838 719 1028 788 Leonnatoque

118 787 228 856 partitus
247 799 296 842 est.
332 789 394 842 Tria
411 789 490 842 simul
509 789 615 856 agmina
633 788 825 857 populabantur
845 787 931 857 Indos,
952 805 1027 856 mag-

117 873 222 926 naeque
240 858 354 928 praedae
372 868 448 910 actae
466 867 541 910 sunt:
561 856 709 911 maritimos
725 857 903 927 Ptolemaeus,
922 865 1028 910 ceteros

118 925 175 994 ipss
188 944 241 995 rex,
254 937 282 980 et
292 927 328 980 ab
339 927 392 980 alia
440 936 478 980 rte
490 927 641 980 Leonnatus
652 927 772 982 urebant.
808 928 839 980 ln
851 926 903 979 hac
919 943 1028 996 quoque

119 996 224 1062 regione
237 997 330 1050 urbem
342 1013 390 1050 con
412 996 477 1066 idit,¹
489 996 648 1064 deductique
661 997 759 1049 suntin
771 1013 830 1048 eam
844 995 991 1048 Arachosii.

152 1069 195 1118 40.
215 1065 282 1118 Hinc
305 1066 424 1135 pervenit
447 1065 481 1118 ad
504 1066 650 1120 maritimos
674 1065 760 1120 indos.
805 1067 943 1118 Desertam
967 1082 1027 1117 vas

118 1141 228 1202 tamque
245 1135 390 1202 regionem²
407 1135 459 1188 late
478 1143 576 1204 tenent,
594 1151 626 1188 ac
644 1151 678 1188 ne
695 1152 757 1187 cum
776 1135 896 1188 finitimis
913 1133 1028 1203 quidem

118 1202 171 1254 ullo
184 1204 337 1258 commercii
346 1204 404 1273 jure
416 1206 569 1257 miscentur.
605 1205 665 1284 lpsa
683 1203 795 1257 solitudo
813 1215 906 1256 natura
918 1217 1027 1273 quoque

118 1271 233 1325 immitia
256 1273 377 1326 efferavit
400 1274 520 1341 ingenia:
545 1283 692 1343 prominent
709 1291 813 1342 ungues
831 1278 966 1342 nunquam
985 1290 1027 1326 re·

117 1342 180 1409 cisi,
207 1359 300 1394 comae
318 1343 435 1395 hirsutae
453 1353 480 1394 et
498 1345 617 1395 intonsae
635 1352 703 1396 sunt.
739 1343 854 1410 Tuguria
871 1341 980 1396 conchis
999 1350 1027 1394 et
1110 1355 1113 1360 ’

117 1412 214 1464 ceteris
226 1412 404 1480 purgamentis
416 1412 497 1464 maris
509 1413 648 1465 instruunt.
684 1411 809 1466 Ferarum
841 1411 939 1464 ellibus
951 1411 1025 1482 tecti,

117 1479 236 1547 piscibus
260 1480 315 1532 sole
339 1479 447 1548 duratis,
466 1490 493 1533 et
514 1481 644 1551 majorum
663 1498 768 1550 quoque
791 1429 939 1548 beiaurum,
958 1497 1027 1550 quas

117 1547 214 1601 fluctus
226 1548 312 1618 ejecit,
325 1565 403 1602 carne
417 1560 566 1603 vescuntur.
602 1549 771 1619 Consumptis
788 1550 866 1618 igitur
882 1550 1025 1620 alimentis,

117 1617 281 1670 Macedones
293 1619 377 1686 primo
387 1618 429 1670 ino
448 1618 509 1687 iam,
520 1619 616 1672 deinde
629 1619 663 1672 ad
676 1620 799 1672 ultimum
811 1617 912 1672 famem
924 1619 1025 1674 sentire

117 1697 267 1755 coeperunt,
282 1685 384 1742 radices
395 1635 565 1758 mimarum?
575 1705 692 1756 namque
704 1688 758 1740 sola
771 1686 888 1756 eaarbor
900 1687 1024 1760 gignitur,

117 1755 215 1824 ubique
233 1758 367 1812 rimantes.
404 1757 455 1810 Sed
475 1775 538 1810 cunt
559 1757 626 1810 haee
645 1774 749 1826 quoque
769 1759 898 1810 alimenta
917 1757 1046 1810 defece·v

117 1827 184 1878 rant*
195 1825 316 1895 jumenta
328 1826 439 1879 caedere
452 1827 576 1896 aggressi,
588 1843 620 1878 ne
629 1827 705 1894 equis
716 1826 825 1895 quidem
838 1826 1025 1896 abstinebant,

116 1903 144 1946 ct
155 1912 217 1948 curn
234 1895 359 1948 deessent
377 1913 445 1965 quae
464 1896 581 1948 sarcinas
596 1894 730 1962 veherent,
743 1895 826 1965 spolia
843 1896 877 1948 de
896 1895 1024 1968 hostibus,

116 1973 221 2033 propter
237 1982 309 2034 quae
327 1965 420 2018 ultima
445 1966 559 2020 Orientis
582 1972 792 2034 peragraverunt,
814 1965 969 2017 cremabant
985 1965 1026 2018 in·

116 2033 219 2086 cendio.
251 2035 361 2088 Famem
374 2035 472 2087 deinde
485 2035 636 2104 pestilentia
645 2043 737 2090 secuta
748 2042 803 2086 est:
817 2035 915 2103 quippe
927 2033 1026 2088 insalu-

118 2101 204 2156 brium
222 2103 340 2158 ciborum
360 2105 420 2156 novi
439 2105 503 2171 suci,
517 2103 549 2157 ad
570 2104 620 2156 hoc
639 2104 739 2158 itineris
749 2102 823 2156 labor
840 2112 867 2155 et
885 2103 1025 2171 aegritudo

116 2172 207 2240 animi,
226 2173 398 2240 vulgaverant
415 2173 527 2241 morbos,
547 2181 573 2226 et
598 2189 648 2226 nec
666 2189 774 2225 manere
792 2173 849 2224 sine
868 2171 954 2242 clade,
973 2189 1025 2226 nec

118 2241 237 2308 progredi
263 2251 396 2310 poterant:
422 2252 562 2296 manentes
586 2242 679 2312 fames,
698 2257 847 2311 progressos
865 2243 948 2294 acrior
965 2259 1026 2310 pes-

118 2309 221 2360 tilentia
243 2312 361 2378 urgebat.
398 2312 467 2378 Ergo
491 2313 565 2364 strati
589 2320 664 2364 erant
687 2311 774 2379 campi
795 2327 881 2380 paene
905 2311 1026 2380 pluribus

117 2377 263 2446 semivivis,
281 2396 363 2448 quarn
387 2381 569 2433 cadaveribus.
606 2384 646 2434 Ac
669 2397 702 2432 ne
721 2380 806 2432 levius
823 2379 934 2448 quidem
952 2380 1025 2450 aegri

118 2448 194 2515 sequi
217 2455 350 2516 poterant:
381 2449 479 2518 quippe
512 2465 622 2517 agmen
640 2449 735 2519 raptim
758 2449 894 2519 agebatur,
920 2457 1024 2502 tantum

118 2584 230 2633 marched
242 2585 319 2634 closer
335 2595 359 2634 to
376 2585 417 2634 the
436 2601 486 2643 sea,
500 2586 604 2648 through
620 2589 662 2636 the
679 2589 799 2638 countries
815 2588 843 2640 os
855 2589 896 2637 the
909 2591 1023 2647 Amitae,

121 2643 203 2692 Oritae
214 2646 340 2701 (Horitae),
353 2645 528 2706 Ichthyophagi
539 2647 646 2701 (Indians
662 2647 796 2708 inhabiting
806 2664 820 2696 a
831 2648 925 2697 district
940 2665 972 2696 on
983 2649 1025 2698 the

119 2717 194 2760 coast,
208 2705 263 2753 who
275 2705 337 2753 lived
348 2721 379 2752 on
388 2702 451 2760 fieb),
461 2706 507 2753 and
520 2705 637 2754 Gedrosii.
670 2707 751 2754 'ruere
762 2708 782 2754 is
791 2723 805 2754 a
813 2707 887 2768 slight
898 2708 1026 2757 confusion

118 2763 143 2810 in
155 2764 195 2810 the
207 2765 324 2813 narrative
335 2763 364 2812 os
376 2763 474 2812 Curtius
485 2765 550 2820 here,
565 2765 600 2812 ior
611 2766 634 2812 in
645 2765 686 2812 the
697 2765 787 2814 second
802 2777 917 2814 sentence
933 2767 962 2815 ol
973 2768 1024 2815 this

119 2822 218 2881 chapter
228 2824 258 2871 he
270 2823 443 2883 comprehende
455 2824 495 2871 the
508 2824 585 2872 whole
596 2824 624 2872 ol
636 2825 677 2872 the
694 2826 775 2872 march
792 2835 818 2872 tc
838 2825 965 2882 Gedrosia,
978 2827 1026 2874 and

119 2881 258 2930 afterwards
268 2899 327 2944 goes
337 2899 368 2931 on
377 2894 402 2931 to
413 2883 520 2931 describe
531 2884 549 2931 it
561 2899 626 2931 more
638 2884 762 2943 minutely.
789 2883 894 2932 Horitoa
904 2885 940 2933 sor
949 2885 1024 2934 Hori·

118 2947 208 2991 tarum.-
223 2941 263 2989 the
276 2941 358 2990 Greek
369 2941 429 2990 form
439 2941 467 2989 os
479 2942 519 2990 the
528 2943 635 3003 genitive
646 2943 723 3003 plural
733 2943 753 2991 is
764 2959 822 3004 very
834 2943 912 3004 rarely
923 2944 984 2994 used
999 2945 1025 2992 in

119 2997 159 3046 the
171 2997 222 3048 first
233 2999 378 3049 declension.

148 3069 155 3090 ¹
166 3064 206 3110 On
216 3063 257 3111 the
269 3074 399 3121 sea-coast,
412 3081 439 3115 aa
450 3081 487 3113 we
499 3081 538 3112 are
550 3063 666 3114 informed
677 3067 710 3125 by
720 3065 789 3114 other
800 3065 906 3116 authors.

147 3125 219 3174 lThe
230 3127 311 3176 desert
322 3127 350 3175 of
362 3129 403 3176 the
414 3127 593 3177 Beloochistan.

148 3192 189 3238 'A
200 3191 273 3239 shrub
285 3192 305 3238 is
317 3203 405 3248 meant,
418 3193 499 3241 which
514 3209 594 3254 grows
610 3191 667 3242 wild
683 3193 707 3241 in
725 3193 800 3254 Sicily
810 3193 871 3250 also,
884 3195 933 3244 and
943 3194 1023 3244 which

118 3251 251 3298 resembles
261 3250 302 3298 the
313 3250 377 3308 palm
388 3260 438 3299 tree
456 3253 481 3299 in
497 3253 597 3313 nothing
607 3263 692 3312 except
704 3253 729 3302 iu
746 3254 787 3302 the
806 3254 934 3314 similarity
945 3255 973 3303 of
984 3253 1023 3302 the

118 3306 207 3355 leaves.
238 3308 273 3356 Its
284 3318 349 3355 roots
359 3324 399 3356 are
410 3309 497 3358 edible.

120 3423 125 3432 ι
146 3369 312 3476 *Ειοῃιιοῃῑὲζ
322 3373 435 3439 repeated
445 3374 525 3422 action
540 3375 561 3422 is
577 3374 634 3423 here
650 3375 825 3447 expressedby
836 3377 879 3425 the
890 3376 1023 3438 pluperfect

119 3425 253 3476 indicativa.
287 3479 293 3508 ¹.
311 3428 424 3478 therwrse
436 3446 473 3478 we
484 3432 572 3482 should
581 3433 643 3482 have
654 3433 701 3483 had
710 3437 857 3496 deferamur.
