2322 3850
481 257 573 300 arasa
593 259 634 300 tv.
968 244 1009 301 'lb

93 365 253 420 eminebant
266 365 294 420 in
305 361 457 435 adversum,
466 366 535 420 aliae
547 366 645 421 deinde
657 367 740 422 falces
759 367 873 422 summis
894 375 1009 425 rotarum

94 435 215 488 orbibus¹
234 435 389 504 haerebant,
408 444 436 488 et
453 437 521 490 aliae
541 437 566 489 in
589 445 686 490 terram
709 436 1009 508 demissae,²'quicquid

95 504 207 558 obvium
220 504 360 558 concitatis
370 506 446 574 equis
457 505 558 576 fuisset,
571 515 765 576 amputaturae.

131 579 174 627 36.
193 575 253 627 Hoc
272 574 350 628 modo
370 574 494 628 instructo
513 577 630 630 exercitu
648 592 681 628 ac
693 577 861 655 perarmato,⁸
872 575 1009 646 Babylone

96 645 188 714 copias
210 645 303 696 movit.
339 647 363 698 A
381 655 455 714 parte
477 645 571 700 dextra
590 653 646 697 erat
670 645 764 714 Tigris,
783 645 880 699 nobilis
903 645 1007 714 fluvius,

96 713 204 768 laevam
219 713 327 782 tegebat
341 713 497 784 Euphrates,
511 731 607 782 agmen
621 715 831 784 Mesopotamiae
840 731 899 767 carn
936 732 949 768 s
962 716 1010 768 im·

96 781 229 854 pleverat.
265 783 337 851 Tigri
356 782 453 835 deinde
471 785 611 854 superato,⁴
623 801 686 836 curn
697 784 822 853 audisset,
836 783 887 837 hau
919 783 1010 854 procul

97 852 195 904 abesse
217 852 329 920 hostem,
349 851 503 922 Satropaten
522 854 641 922 equiturn
665 853 830 923 praelectum
850 869 912 906 curn
936 853 1010 906 mille

98 920 215 974 delectis
232 921 376 992 praemisit.
412 921 526 976 Mazaeo
544 923 656 992 praetori
675 939 723 976 sex
741 921 816 976 milia
831 922 901 994 data,
914 922 1010 991 quibus

99 991 206 1044 hostem
231 991 339 1044 transitu
364 991 451 1044 amnis
473 1001 590 1045 arceret:
616 991 704 1046 eidem
729 991 893 1060 mandatum,
918 999 947 1044 ut
970 1009 1010 1044 re·

98 1061 218 1129 gionem,
236 1075 318 1129 quam
336 1059 488 1114 Alexander
511 1071 582 1115 esset
599 1061 725 1130 aditurus,
745 1061 913 1131 popularetur
930 1068 1011 1130 atque

99 1137 205 1198 ureret,
223 1129 322 1200 quippe
334 1129 468 1200 credebat,
482 1130 568 1200 inopia
584 1130 713 1185 debellari
731 1141 809 1202 posse
827 1129 893 1184 nihil
911 1129 1011 1183 haben-

101 1207 166 1267 tem,
179 1198 231 1251 nisi
243 1199 313 1270 quod
332 1199 458 1268 rapiendo
475 1216 540 1253 occu
578 1209 646 1254 sset:
666 1199 721 1270 ipsi
735 1210 826 1254 autem
845 1207 1012 1254 commeatus

99 1267 147 1320 alii
165 1275 243 1338 terra,
258 1267 303 1320 alii
320 1265 392 1337 Tigri
409 1286 490 1324 arnus
508 1286 538 1322 su
560 1269 743 1324 vehebantur.⁵
777 1271 838 1326 Jarn
856 1276 1012 1340 pervenerat

99 1337 201 1390 Arbela
221 1337 318 1405 vicum,
336 1338 452 1391 nobilem
472 1355 521 1394 sua
540 1339 616 1392 clade
637 1338 774 1393 facturus.⁸
809 1339 859 1392 llio
878 1355 1012 1392 commea·

99 1415 177 1460 tunrn
189 1407 404 1476 sarcinarumque
422 1406 520 1477 majore
539 1418 612 1478 parte
631 1407 758 1478 deposita,
772 1409 875 1480 Lycum
893 1410 1012 1460 amnem⁷

98 1485 180 1546 ponte
203 1475 296 1545 junxit,
320 1485 347 1529 et
371 1494 417 1546 per
439 1477 497 1530 dies
520 1479 646 1548 quinque,
672 1479 740 1530 sicut
763 1489 826 1532 ante
851 1477 1011 1547 Euphraten,

99 1545 203 1615 trajecit
227 1547 383 1598 exercitum.
419 1546 483 1600 Inde
507 1549 639 1616 octoginta
662 1547 717 1600 lere
741 1548 827 1602 stadia
850 1564 1011 1618 progressus,

98 1614 133 1667 ad
157 1614 271 1668 alterum
294 1632 401 1669 amnem
420 1615 569 1686 ‘(Boumelo
598 1633 693 1670 nornen
721 1618 781 1689 est),
806 1628 893 1670 castra
916 1617 1012 1687 posuit.

139 1695 253 1754 portuna
270 1683 435 1754 explicandis
452 1686 533 1756 copiis
550 1687 622 1754 regio
640 1693 703 1756 erat,
722 1687 876 1757 equitabilis
894 1695 920 1740 et
938 1694 1014 1738 rasta

97 1753 234 1826 panitiae.
278 1755 320 1808 Ne
343 1755 438 1824 stirpes
460 1755 570 1824 quidem
593 1764 620 1809 et
641 1754 734 1810 brevia
758 1755 870 1826 virgulta
892 1754 1013 1825 operiunt

98 1823 195 1892 solum,
220 1822 340 1893 liberque
366 1833 520 1894 prospectus
546 1824 683 1878 oculomm
710 1825 793 1878 etiam
820 1825 855 1877 ad
879 1841 919 1894 ea,
943 1839 1013 1892 quae

5 1896 9 1916 '
118 1891 191 1946 rocul
214 1909 355 1962 recessere,
374 1894 540 1974 permittitur.
578 1893 670 1962 Itaque
689 1894 711 1946 si
729 1909 782 1963 qua
800 1894 889 1962 campi
912 1893 1013 1946 erniue·

97 1909 172 2034 hant,
184 1961 263 2032 jussit
274 1979 306 2014 ae
326 1979 388 2032 nan,
402 1971 540 2033 totumque
552 1962 689 2032 fastigium
701 1961 817 2016 extendi.

134 2036 178 2084 37.
200 1979 358 2098 Alexandro,
382 2033 427 2101 qui
456 2049 597 2086 numerum
629 2032 765 2103 copiarum
793 2031 859 2101 ejus,
882 2041 1013 2100 quantum

97 2101 190 2172 procul
214 2101 357 2171 conjectari
379 2110 489 2172 poterat,
511 2101 695 2171 aestimabant,
717 2101 763 2156 vix
783 2101 903 2154 lecerunt
922 2099 1012 2172 fidem,

97 2179 136 2224 tot
155 2169 267 2224 milibus
284 2172 378 2240 caesis,
392 2171 506 2241 majores
524 2173 616 2242 copias¹
632 2189 691 2224 esse
710 2181 851 2241 reparatas.
888 2169 1013 2224 Ceterum

97 2239 187 2293 omnis
209 2238 319 2310 periculi
343 2248 369 2292 et
393 2240 510 2294 maxime
534 2239 711 2294 multitudinis
733 2249 905 2320 contemptor,
931 2239 1013 2294 unde·

98 2310 178 2363 cimis
197 2309 292 2362 castris
311 2307 345 2361 ad
366 2309 530 2380 Euphraten⁸
549 2310 684 2379 pervenit:
709 2327 760 2380 quo
816 2309 904 2363 ntrbns
921 2309 1013 2381 juncto

98 2380 207 2449 equites
245 2379 323 2432 rirnoe
342 2379 387 2448 ira,
405 2378 565 2448 phalangem
584 2381 660 2450 sequi
677 2379 760 2451 jubet,
811 2397 901 2446 aneso,
914 2380 960 2450 qui
977 2379 1012 2432 ad

97 2449 210 2504 inhiben
232 2465 277 2502 urn
290 2449 429 2502 transitum
443 2448 502 2518 ejus
520 2466 581 2502 curn
602 2467 648 2502 sex
667 2449 776 2502 milibus
788 2451 910 2519 equitum
922 2465 1012 2502 occur·

98 2528 177 2588 reret,
195 2535 245 2570 non
266 2535 330 2570 auso
349 2519 496 2588 periculum
516 2519 559 2572 sui
579 2518 689 2571 lacere.⁹
724 2519 820 2572 Paucis
837 2518 944 2586 deinde,
961 2533 1012 2572 non

128 2616 136 2638 ¹
147 2607 237 2669 ‘Upon
248 2609 289 2658 the
300 2608 385 2656 t'elloes
396 2609 423 2656 ol
435 2609 476 2656 the
488 2609 597 2656 wheels.’
672 2631 676 2640 ·

127 2667 231 2718 ’These
242 2684 330 2728 appear
339 2678 365 2716 to
376 2667 436 2715 have
448 2665 568 2728 projecred
580 2667 641 2716 from
652 2668 693 2716 the
705 2667 820 2722 salense.
833 2669 856 2714 in
867 2665 937 2714 order
948 2665 1010 2722 that,

99 2727 120 2777 it
132 2743 181 2788 any
192 2727 220 2776 oi
232 2727 274 2776 the
285 2727 392 2776 enemies
404 2727 480 2774 threw
493 2726 641 2776 themselves
653 2729 764 2775 between
781 2726 821 2774 the
834 2725 933 2780 wheets.
946 2739 975 2774 so
985 2740 1012 2774 as

98 2797 125 2836 to
135 2802 223 2847 escape
236 2787 277 2834 the
288 2785 340 2834 side
351 2786 459 2845 scythes,
473 2786 542 2835 these
554 2787 631 2848 rnight
642 2798 683 2834 cut
695 2786 761 2832 them
773 2785 797 2832 in
809 2785 898 2843 pisces.

128 2846 252 2895 '‘Armsd
263 2845 392 2904 completel
413 2861 459 2900 ,cu
478 2845 572 2906 apio!
606 2845 667 2894 Com
686 2861 726 2894 are
737 2843 805 2902 chop.
818 2846 854 2890 38,

98 2965 104 2975 .
128 2860 411 2974 ‘That·h,hecrossel
461 2861 479 2952 l
587 2964 593 2973 ·
664 2861 685 2952 f
684 2904 724 2971 the
737 2902 828 2968 Tigris,
841 2901 887 2970 and
899 2899 1012 2970 murchad

97 2980 123 3013 ιη
139 2965 183 3012 tlre
198 2963 317 3012 drrectron
335 2961 364 3012 oi
377 2961 467 3018 Ninus.
480 2964 521 3012 the
540 2972 635 3012 ancient
652 2962 739 3022 capital
755 2963 779 3008 ot
796 2961 907 3020 Assyria,
921 2960 1010 3018 whrch,

97 3024 221 3078 however,
235 3022 317 3071 hadid
328 3023 459 3073 notreach.
494 3081 498 3092 ι
580 3082 585 3091 ⁴
618 3080 622 3090 Ι
648 3081 654 3100 ν
845 3028 848 3034 ’

124 3088 152 3172 ll
163 3081 674 3212 ghiihhiiveiserlohihlelleblyllileTtigriiike
683 3138 820 3188 celebrated
828 3141 861 3200 by
868 3139 905 3190 his
914 3139 1011 3190 deleat„⁸

97 3201 153 3250 The
164 3211 233 3248 town
244 3216 264 3248 rs
276 3215 329 3247 now
340 3199 418 3248 called
430 3199 506 3248 Erbrl.

125 3259 213 3308 'Now
225 3258 303 3307 called
318 3258 359 3306 the
375 3268 442 3320 great
460 3257 515 3306 Zcb.
547 3257 603 3306 'l'he
619 3256 680 3306 little
700 3255 748 3306 Zcb
763 3257 833 3308 flows
848 3257 1010 3316 warbonds,

96 3319 142 3368 and
154 3318 210 3368 falls
221 3319 273 3366 into
283 3317 324 3366 the
336 3317 426 3378 Tigris.

125 3383 133 3408 ¹
146 3378 171 3427 N
174 3393 216 3426 ear
228 3375 380 3435 Thapsacus,
393 3391 420 3423 as
432 3390 469 3423 we
481 3391 520 3424 are
531 3373 650 3426 informed
660 3377 692 3436 by
704 3375 801 3432 Arriau,
814 3377 855 3425 the
869 3375 951 3424 Greek
962 3375 1012 3426 hie·

96 3438 174 3488 torian
186 3436 215 3486 ol
227 3435 391 3485 Alexander’s
401 3434 548 3493 expedition.

125 3502 134 3526 ¹
147 3502 153 3524 ‘
164 3496 205 3546 To
215 3496 288 3546 make
298 3511 313 3544 a
324 3494 376 3544 trial
386 3493 415 3543 oi
422 3493 524 3544 himself
529 3494 546 3553 ;’
559 3493 609 3542 that
621 3493 651 3551 is,
666 3499 706 3544 ‘to
717 3505 756 3556 try
766 3495 804 3542 his
815 3491 942 3556 strength.¹

417 2915 462 2952 tot
480 2921 494 2953 e
508 2915 560 2954 east
572 2905 637 2954 bank
648 2921 662 2952 o
