2278 3846
150 205 190 263 8⁰
417 217 457 257 na
481 217 587 258 auaris
610 215 794 257 sisuinnai.

150 327 244 382 solatia
262 343 315 382 non
334 325 469 397 adbibere,
491 325 539 378 sed
559 341 693 395 quaerere.
736 324 802 378 Cibo
825 332 898 377 certe
920 325 1054 395 abstinuit,

150 413 310 468 omnemque
328 397 453 448 honorem
473 396 564 464 funeri,
580 395 663 464 patrio
680 395 819 447 Persarum
839 411 919 464 more,
933 397 1053 464 servarit,

150 467 247 534 dignus
257 465 373 535 hercule,
385 467 429 536 qui
446 483 517 518 nunc
529 481 633 534 quoque
646 465 756 516 tantum¹
769 473 794 515 et
807 465 1019 517 mansuetudinis
1030 473 1055 517 et

150 537 325 588 continentiae
337 534 404 588 ierat
417 535 541 587 fructum.
577 533 664 586 Semel
680 535 796 585 omnino2
807 549 869 586 earn
882 534 992 600 viderat,
1006 550 1055 603 quo

150 603 193 657 die
211 613 289 676 capta
307 613 355 675 est,
375 621 424 656 nec
442 613 471 656 ut
490 605 582 673 ipsam,
602 605 648 656 sed
669 613 695 655 ut
715 604 794 654 Darei
814 611 926 655 matrem
946 605 1054 670 videret,

149 673 328 744 eximiamque
341 673 562 744 pulchritudinem
576 672 675 725 formae
688 671 747 741 ejus
759 689 808 724 non
822 671 940 726 libidinis
957 672 1055 726 habuc·

149 743 199 795 rat⁸
210 743 419 812 invitamentum,
433 742 480 794 sed
492 741 599 810 gloriae.

184 817 225 865 42.
246 813 447 882 Espadonibus,
463 811 509 880 qui
527 811 597 863 circa
613 811 729 878 reginam
747 821 828 879 erant,
846 811 976 880 Tyriotes,
991 812 1056 864 iuter

150 882 364 962 trepidationem⁴
386 881 533 950 lugentium
557 881 663 949 elapsus
686 897 732 950 per
756 897 816 933 eam
841 892 953 950 portam,
977 897 1053 952 quae,

149 968 210 1020 quia
222 951 256 1004 ab
269 952 343 1004 hoste
355 967 448 1002 aversa
460 959 524 1020 erat,
538 949 623 1002 levius
634 949 837 1016 custodiebatur,
851 951 884 1002 ad
904 951 983 1002 Darei
1000 968 1054 1002 cas-

150 1030 189 1074 tra
207 1021 333 1090 pervenit,
347 1029 527 1089 exceptusque
544 1037 560 1070 a
573 1019 701 1088 vigilibus,
720 1019 745 1071 iii
765 1020 966 1072 tabernaculum
988 1021 1055 1088 regis

185 1091 307 1159 rducitur,
325 1107 437 1157 gemens
456 1099 482 1140 et
503 1098 577 1140 veste
601 1089 722 1141 lacerata.
766 1089 854 1147 Quem
872 1099 899 1141 ut
918 1092 1055 1158 conspexit

149 1107 258 1229 Karene,
280 1159 417 1229 multiplici
441 1158 537 1210 doloris
561 1159 743 1228 expectatione
766 1168 920 1226 commotus,
943 1170 969 1210 et
991 1160 1054 1227 quid

149 1230 315 1308 potissimum
327 1229 438 1296 timeret,
453 1227 574 1294 incertus,
589 1227 690 1292 Vultus,
704 1228 795 1296 inquit,
809 1239 871 1280 tuns
883 1229 972 1280 neseio
984 1229 1053 1298 quod

149 1315 242 1366 ingens
265 1298 364 1350 malum
389 1296 512 1366 praefert,
536 1298 583 1348 sed
607 1314 673 1349 cave
698 1297 785 1349 miseri
810 1296 923 1350 hominis
946 1297 1055 1350 auribus

149 1383 256 1437 parcas:
275 1367 354 1418 didici
377 1383 436 1418 esse
460 1364 570 1435 ὶηῑοὶἰκ,5
592 1378 618 1418 et
642 1383 722 1434 saepe
746 1367 906 1418 calamitatis
929 1367 1052 1419 solatium
1099 1389 1102 1398 ¹

148 1446 188 1488 est
212 1451 289 1488 nosse
312 1444 409 1488 sortem
432 1451 518 1486 suam.
562 1437 642 1496 Num,
663 1435 731 1504 quod
754 1437 869 1488 maxims
890 1438 1053 1504 suspiceret

148 1505 219 1574 loqui
238 1506 326 1574 timeo,
348 1505 461 1557 ludibria
482 1504 613 1556 meorum⁸
632 1507 797 1557 noritiatnrua
819 1522 856 1574 es,
879 1505 944 1557 mihi
970 1517 1004 1572 et,
1026 1513 1054 1558 ut

147 1573 233 1642 credo,
258 1573 322 1642 ipsis
350 1590 454 1644 quoque
484 1574 555 1626 omui
585 1574 695 1626 tristiora
724 1573 872 1642 supplicio?
916 1575 959 1628 Ad
989 1576 1054 1628 haec

147 1643 275 1713 Tyriotes,
289 1644 361 1696 istud
379 1643 498 1712 quidem⁷
509 1642 598 1712 procul
616 1643 700 1711 abest,
714 1643 814 1712 inquit:
833 1655 1053 1714 quantuscunque

147 1715 219 1765 euim
239 1712 336 1780 reginis
356 1712 438 1765 bonos
460 1712 494 1765 ab
518 1713 560 1765 his
583 1715 627 1781 qui
650 1714 752 1782 pareut⁸
772 1713 861 1766 haberi
885 1725 979 1782 potest,
1001 1715 1054 1766 tuis
1085 1774 1087 1778 y

146 1799 162 1833 a
183 1783 280 1834 victore
301 1791 420 1835 servatus
440 1791 488 1852 est,
510 1784 556 1834 sed
577 1797 640 1834 uxor
660 1791 706 1833 tua
724 1783 803 1850 paulo
821 1792 883 1834 ante
903 1784 1020 1836 excessit
1038 1800 1054 1836 c

146 1853 208 1904 rita.
252 1851 322 1904 Tum
345 1868 407 1904 vero
430 1869 481 1904 nou
504 1853 620 1920 gemitus
649 1851 734 1920 modo,
759 1851 805 1904 sed
830 1854 910 1905 etiam
939 1852 1054 1922 ejulatus

146 1923 205 1975 totis
223 1921 316 1974 eastris
333 1921 557 1975 exaudiebantur:
583 1937 632 1974 uec
650 1921 780 1973 dubitavit
805 1922 911 1988 Dareus
932 1923 996 1992 quin
1016 1922 1053 1975 in·

145 1991 255 2044 terfecta
272 2001 351 2062 esset,
371 1992 433 2060 quia
452 1990 585 2058 nequisset
604 1991 790 2042 contumeliam
811 2007 858 2060 per
894 1993 921 2043 ti.
959 1992 1053 2045 Excla-

145 2069 253 2130 ruatque
276 2077 370 2114 aurens
393 2060 495 2112 dolore:
521 2060 599 2118 Quod
623 2075 672 2126 ego
697 2069 797 2112 tantum
822 2075 898 2113 neas
920 2063 1052 2133 commisi,

145 2129 314 2182 Alexander?
344 2146 425 2198 quem
449 2137 551 2181 tuorum
577 2130 780 2198 propinquorum
804 2129 905 2198 necari,
932 2143 960 2183 ut
984 2131 1053 2184 hanc

144 2200 231 2251 ricem
251 2198 403 2251 restitueres
421 2197 548 2250 saevitiae
567 2199 664 2251 meael
699 2199 782 2253 Odisti
801 2215 853 2268 me,
873 2217 923 2252 non
942 2201 1052 2270 quidem

144 2275 315 2388 ,rmvocatum
346 2267 393 2320 sed
420 2267 498 2335 finge,
523 2267 624 2337 justum
651 2268 771 2320 intulisse
796 2277 822 2321 ts
851 2268 962 2338 bellum,
990 2287 1052 2324 curn

155 2337 251 2389 eminis
268 2351 330 2404 ergo
347 2351 427 2405 agere
445 2336 594 2390 debueras?
634 2337 756 2407 Tyriotes
773 2337 904 2390 affirmare
922 2355 970 2408 per
988 2339 1053 2393 deos

143 2406 248 2476 patrios,
267 2405 331 2458 nihil
355 2406 381 2458 in
406 2422 466 2458 eam
489 2406 595 2474 gravius
619 2425 678 2458 esse
695 2407 861 2460 consultum:
887 2408 1052 2476 ingemuisse

144 2475 224 2527 etiam
250 2474 432 2528 Alexandrum
459 2476 544 2544 morti,
569 2485 595 2529 et
624 2493 674 2528 non
699 2477 803 2546 parcius
829 2476 942 2545 flevisse,
970 2495 1051 2548 quatu

172 2584 179 2606 ¹
193 2578 241 2626 ‘So
252 2587 318 2638 grean
327 2593 341 2625 a
351 2577 592 2646 rewardss-narnely,
605 2595 631 2628 aa
644 2579 706 2627 lame
718 2580 761 2628 has
773 2579 898 2628 bestowed
909 2596 940 2628 on
951 2579 1012 2638 him,
1024 2597 1052 2630 or

143 2636 485 2745 oessviilldddidodlled’dlddludd
500 2696 558 2757 only
568 2711 634 2745 once.

171 2755 245 2804 '‘He
261 2754 307 2804 had
323 2731 463 2804 codsidered
479 2732 522 2803 lter
537 2758 626 2815 beauty
641 2771 667 2824 as
683 2771 713 2803 an
729 2756 878 2814 incitament‚
892 2767 934 2805 not
949 2767 976 2805 to
990 2758 1048 2828 luet,
1126 2807 1130 2820 ,

143 2812 1051 2935 {dilatabit}²ltnttttttt¹ttttf¹⁰⁰⁵⁰‘¹h⁶q¹¹⁰⁶¹¹”¹¹d⁰¹⁶‘¹¹¹¹⁸

171 2938 198 2961 Η
302 2934 307 2943 '
352 2935 358 2957 l

172 2998 180 3022 ¹
192 2933 398 3062 ‘fffiddslddined
410 3003 434 3040 to
444 2994 474 3039 be
485 2991 638 3061 unfortunate
645 2992 661 3050 ;'
673 2992 724 3062 that
735 2994 765 3052 is,
776 2993 836 3041 lam
847 2995 1003 3066 accustomed
1013 3003 1048 3053 to,

143 3049 188 3121 and
199 3065 243 3120 can
254 3053 319 3107 bear,
333 3053 480 3100 mrslortune.
509 3051 571 3098 This
582 3067 603 3100 rs
614 3066 672 3112 very
682 3051 792 3100 different
801 3053 862 3101 from
872 3056 945 3102 didm
955 3071 990 3102 me
1001 3070 1052 3104 erre

143 3109 263 3254 Μ’ἷεῗῗῗιηο
273 3109 435 3237 ,gef'affl‘
443 3111 575 3218 ‘bdddesul
583 3178 723 3239 treatment,
736 3169 764 3218 os
776 3185 817 3240 my
827 3171 958 3220 relatione!

147 3291 152 3300 ·
207 3227 272 3334 Tlll
286 3227 638 3348 dalihllifflti'ndilli
654 3229 1050 3338 ‘ltr?2t¹¹¹tttst¹²tt¹tttt¹¹

143 3295 194 3412 ddd
203 3361 304 3404 opposee
315 3321 419 3393 thelirst
430 3322 510 3394 clause
522 3346 550 3394 ol
561 3345 602 3394 tbe
618 3303 732 3398 seymeuca
748 3303 830 3398 tepthe
845 3348 922 3406 other,
935 3325 1049 3399 whiehii

142 3403 381 3521 miiitutfiiriieiff'
410 3461 657 3522 caenomanni,
670 3465 692 3514 a.
