2278 3846
142 245 196 300 tta
400 257 440 300 ua
462 259 567 302 enarra
589 259 772 302 sarzanum.

155 366 278 422 recubuit
314 365 441 420 Cecidere
459 367 725 421 lacedaemoniorum
740 368 763 420 V
779 368 851 422 milia
870 376 897 420 et
915 365 990 431 CCC,
1007 383 1039 420 ert

166 434 326 490 acedouibus
337 434 408 488 hand
420 435 534 506 amplius
545 435 634 490 mille:
648 446 766 490 ceterum
775 439 820 491 rix
831 438 978 506 quisquam
990 434 1039 489 nisi

135 505 240 558 saucius
251 505 358 558 revertit
370 504 397 558 in
409 518 503 560 eastra.
957 532 959 536 ·

169 579 193 626 3.
211 574 285 628 llaec
303 573 412 626 victoria
435 592 485 628 nou
508 574 628 644 Spartam
648 575 725 627 modo
746 575 884 644 sociosque
903 573 973 643 ejus,
993 573 1039 627 sed

136 645 216 697 etiam
234 659 334 711 omnes,
353 644 399 712 qui
417 643 548 698 fortunam
565 645 627 697 belli
646 653 835 713 spectaverant,
855 643 943 712 fregit.
982 645 1040 698 Neo

135 713 244 766 fallebat
256 713 318 768 Anti
357 716 445 781 trum,¹
462 712 600 766 dissentire
618 712 653 766 ab
667 714 765 766 animis
779 714 972 781 gratulantium
984 714 1039 766 vul·
1129 725 1131 738 ·

135 792 192 850 tns;
210 781 258 835 sed
275 781 318 836 bel
330 799 375 834 um
393 783 467 836 linire
484 783 598 852 cupienti
611 798 677 862 opus
688 793 742 836 erat
755 783 863 852 decipi.²
899 783 934 836 Et
946 798 1040 859 quam·

135 869 215 922 quarn
227 851 330 905 lortuna
343 867 428 906 rerum
444 851 572 920 placebat,
586 852 711 904 invidiam
731 863 828 916 tamen,
841 852 906 920 quia
922 867 1041 919 majores
1130 895 1131 912 ,

135 937 177 974 res
196 930 278 989 eraut,
296 937 462 989 quarnquas
480 919 606 989 praelecti
631 921 725 974 modus
743 922 869 989 caperet,³
890 920 1039 974 metuebat.
1130 919 1131 968 l

135 990 238 1060 Quippe
256 989 407 1044 Alexander
424 989 513 1042 hostes
526 989 594 1042 vinci
606 989 731 1056 voluerat,
748 990 916 1058 Antipatrum
931 990 1039 1058 vicisse,
1129 983 1131 1060 J

136 1077 170 1112 ne
183 1059 278 1112 tacitus
288 1058 398 1128 quidem
410 1057 599 1126 indignabatur,
609 1075 672 1112 suae
684 1058 822 1126 demptum
834 1057 935 1126 gloriae
947 1059 1041 1112 existi·
1130 1113 1131 1132 ,

136 1147 218 1197 marra,
242 1127 368 1198 quicquid
390 1128 513 1180 cessisset
535 1127 658 1180 alienae.⁴
704 1128 795 1205 ltaque
818 1129 966 1196 Antipater,
992 1130 1040 1197 qul
1130 1133 1131 1138 ’

136 1198 216 1278 probe
236 1205 324 1250 nosset
341 1197 449 1265 spiritus
466 1195 531 1265 ejus,
544 1214 595 1250 non
613 1206 653 1250 est
670 1213 750 1249 ansus
768 1213 824 1264 rpse
856 1213 918 1248 vere
930 1196 1042 1250 arbitris
1130 1217 1131 1242 r

136 1266 278 1335 victoriae,⁸
288 1265 336 1318 sed
348 1265 488 1318 concilium
501 1267 669 1333 Graecorum,
682 1265 744 1334 quid
763 1266 819 1318 ficri
838 1275 965 1336 pacaret,
978 1283 1040 1318 con·

136 1336 225 1388 suluit.
261 1337 286 1388 A
303 1349 356 1402 quc
374 1333 585 1404 lacedaemonii,
599 1333 663 1388 nihil
681 1333 751 1386 aliud
773 1351 854 1403 quam
873 1344 902 1388 ut
922 1345 1043 1387 oratores

137 1405 240 1458 mittere
252 1401 286 1455 ad
299 1419 388 1469 regern
400 1403 497 1472 liceret,
508 1403 641 1471 Tegeatae
652 1405 753 1456 veniam
765 1403 923 1456 delectionis
935 1415 1042 1472 praeter
1070 1425 1074 1430 ·
1119 1427 1131 1458 ·:

136 1483 255 1524 auctores
272 1471 485 1540 impetraverunt.
520 1473 768 1542 Megalepolitanis,⁶
779 1490 892 1542 quorum
912 1474 975 1525 urbs
992 1473 1041 1526 ob

137 1559 210 1594 sessa
229 1549 284 1593 erat
304 1557 321 1592 a
339 1540 495 1594 delectionis
512 1543 597 1610 sociis,
610 1542 711 1596 Achaei
730 1553 757 1596 et
776 1541 834 1596 Elei
852 1542 921 1596 CXX
937 1541 1041 1594 talenta
1130 1571 1131 1580 κ

136 1612 199 1664 dare
215 1609 281 1677 jussi
298 1617 367 1661 sunt.
404 1605 451 1662 Hic
468 1609 517 1664 luit
536 1612 621 1664 exitus
640 1611 712 1675 belli,
725 1611 795 1680 quod
815 1619 924 1680 repente
942 1621 1039 1680 ortum,

156 1680 207 1730 rius
225 1688 314 1732 tamen
332 1677 435 1730 finitum
454 1688 501 1749 est,
514 1696 594 1749 quam
614 1682 729 1734 Dareum
743 1679 894 1734 Alexander
906 1680 978 1748 apud
992 1684 1040 1734 Ar·
1130 1671 1131 1702 ³

171 1747 197 1800 la
209 1757 351 1816 superaret.

170 1823 194 1870 l.
213 1816 264 1870 Sed
285 1826 313 1869 ut
332 1816 446 1887 primunr
467 1817 623 1872 instantibus
646 1818 715 1870 curis
738 1817 841 1872 laxatus
864 1829 904 1871 est
924 1820 1041 1888 animus,
1130 1831 1131 1850 ³

136 1886 290 1940 militarium
308 1903 396 1940 rernm
414 1904 494 1956 quam
513 1888 610 1956 quietis
628 1888 726 1955 otiique
739 1888 896 1958 patientior,⁷
909 1905 1043 1959 excepere,

136 1972 197 2010 eum
211 1955 366 2026 voluptates,
379 1965 498 2025 atquem
510 1975 584 2010 arma
596 1957 735 2010 Persarum
753 1975 804 2010 non
821 1958 961 2025 fregerant,
976 1959 1042 2012 vitia

137 2027 269 2080 vicerunt:
288 2027 485 2095 intempestiva⁸
500 2026 627 2094 convivia,
641 2036 667 2076 et
685 2027 838 2095 perpotandi
852 2027 1040 2095 pervigilandi-

136 2111 189 2164 que
209 2097 301 2148 insana
319 2094 439 2162 dulcedo,
457 2094 572 2164 ludique,
593 2103 619 2147 et
639 2111 734 2162 greges
752 2096 886 2164 pellicum,
905 2098 996 2149 ornnia
1013 2098 1040 2150 in

137 2175 274 2217 externum
288 2164 361 2232 lapsa
373 2179 481 2216 morem.
501 2163 587 2221 Quem
597 2164 746 2216 aemulatus
755 2166 829 2232 quasi
842 2166 972 2234 potiorem
985 2183 1039 2234 sno,

137 2235 173 2284 ita
184 2233 346 2302 popularium
359 2232 461 2284 animos
472 2232 615 2301 oculosque
632 2234 728 2302 pariter
746 2233 863 2300 offendit,
876 2243 905 2285 ut
917 2252 934 2285 a
946 2233 1038 2304 pleris-

136 2318 187 2368 que
205 2302 349 2354 amicorum
367 2315 413 2378 pro
432 2299 507 2354 hoste
525 2302 674 2354 haberetur.
711 2302 831 2356 Tenaces
846 2303 945 2372 qnippe
961 2304 1040 2358 disci-

136 2371 223 2440 plinae
242 2386 315 2436 suae,
328 2369 469 2436 solitosque
488 2386 566 2438 parco
584 2388 616 2423 ac
635 2371 744 2439 parabili
758 2372 827 2424 victu
846 2372 880 2424 ad
902 2373 1040 2442 implenda

136 2452 243 2491 naturae
261 2436 394 2490 desideria
411 2435 540 2506 desuugi,⁹
558 2441 584 2490 in
603 2441 741 2508 peregrina
756 2450 782 2493 ct
797 2441 960 2496 devictarum
976 2461 1039 2512 geu·

165 2555 171 2575 ¹
185 2547 220 2594 ‘lt
231 2547 272 2596 did
281 2555 323 2594 not
333 2561 419 2606 escape
431 2546 575 2606 Antipater?

163 2611 173 2636 ²
184 2606 279 2654 ‘There
289 2621 339 2653 was
350 2605 411 2654 need
421 2605 456 2653 lor
466 2605 517 2654 him
528 2614 553 2653 tc
563 2607 593 2653 be
604 2604 718 2656 deceired
726 2607 742 2664 ς’
752 2607 802 2654 that
814 2608 843 2660 ia.
855 2607 884 2655 he
895 2623 947 2656 was
958 2609 1037 2658 forced

135 2676 160 2714 to
171 2678 209 2714 act
220 2682 247 2716 as
257 2665 278 2713 if
285 2665 315 2714 he
326 2664 410 2724 placed
421 2676 483 2714 trust
494 2666 518 2713 in
530 2664 591 2714 their
602 2665 754 2724 professione.

163 2726 230 2775 ’For
247 2725 288 2776 the
306 2725 457 2785 subjunctive
473 2725 532 2774 with
551 2741 620 2786 quom
635 2727 684 2785 poi,
702 2741 743 2773 see
761 2725 840 2774 Grom.
858 2725 933 2782 tneo,
948 2739 1004 2774 nore
1017 2732 1036 2774 l.

134 2786 232 2841 Modus,
247 2784 384 2833 ‘subaltern
395 2784 471 2832 rank!

163 2853 171 2875 ⁴
184 2845 332 2894 ‘Whatever
341 2843 389 2894 had
397 2843 468 2892 lallen
480 2853 513 2900 tc,
524 2859 551 2892 or
561 2845 660 2892 become
672 2843 712 2890 the
724 2843 861 2902 possession
872 2841 905 2899 ol,
916 2843 958 2892 the
969 2844 1037 2906 glory

281 2903 287 2925 2

133 2904 317 3010 ofgnrptgrppffle
327 2963 369 3012 the
377 2961 476 3024 iudicial
486 2961 604 3011 decisione
615 2962 643 3010 of
650 2962 690 3010 the
702 2962 811 3022 victory.’
829 2961 927 3010 Arbiter
937 2961 1036 3026 isuequi·

134 3022 213 3070 valent
225 3021 338 3081 tojudcrr,
350 3025 473 3071 umanum
483 3024 644 3084 tojudicinm
657 3039 726 3083 ogere
737 3021 777 3068 the
788 3021 886 3082 general
896 3022 1038 3080 expression
1125 3031 1126 3052 ¹

132 3082 169 3171 sot
179 3079 444 3208 θ’]ςὲἐιὲᾗῖἒῐξὲιὲξῦῖᾲ
454 3139 531 3188 either
543 3143 633 3206 Μιχάλη
643 3142 702 3190 πόλις
712 3153 739 3186 or
750 3142 908 3199 Μεγαλόπολις.

161 3203 169 3226 ¹
180 3197 228 3245 For
237 3205 330 3258 putrem
340 3211 471 3258 governing
482 3199 522 3246 the
533 3207 647 3258 genitive,
660 3213 701 3245 see
715 3199 793 3245 Grom.
806 3197 883 3254 §277,
897 3200 918 3246 1.

160 3263 169 3287 ³
182 3257 318 3322 ‘Banquets
329 3256 459 3318 extending
470 3256 504 3305 sar
513 3258 562 3304 into
570 3257 611 3304 the
620 3256 688 3316 night
697 3257 713 3314 ;’
726 3258 776 3304 into
784 3256 825 3304 the
834 3274 880 3304 noa
889 3259 1034 3321 intenpeata.

161 3313 286 3377 'Desnngr'
293 3328 314 3360 rs
319 3314 432 3380 properly
443 3321 485 3382 fro
492 3315 563 3362 finish
573 3314 668 3382 andger
677 3315 727 3374 quit
737 3314 764 3364 ol
771 3332 785 3363 a
792 3316 859 3374 piece
867 3315 897 3364 ol
904 3317 1033 3366 business)

132 3375 155 3424 It
166 3376 186 3422 is
197 3375 253 3422 here
261 3369 356 3438 applied
367 3381 392 3417 to
401 3383 482 3439 eatrng
493 3374 537 3421 and
549 3373 670 3434 drinking,
679 3375 724 3422 and
733 3376 753 3422 is
762 3390 840 3434 every
848 3375 962 3436 vigorous
970 3375 1034 3424 word

132 3444 156 3479 to
169 3445 261 3488 conver
271 3429 312 3476 the
323 3429 378 3476 rdea
387 3428 415 3474 ol
426 3431 554 3535 satrslyinq
571 3431 664 3536 humpen
681 3434 727 3481 and
744 3448 775 3480 uo
791 3449 872 3482 morer
894 3440 934 3482 ‘to
949 3434 1034 3496 satisly

130 3488 278 3594 plppprartsprlpes
287 3486 346 3536 with
356 3485 434 3547 frugal
442 3487 488 3535 and
496 3503 546 3536 esar
556 3504 628 3547 y-coo
647 3491 676 3538 ed
685 3490 749 3547 locd,
759 3500 785 3538 to
793 3507 896 3551 appense
906 3493 948 3541 the
957 3504 1035 3542 wants
