2294 3842
479 229 571 270 araca
590 231 633 271 rx.
951 211 1010 268 289

98 333 245 388 deditionis
256 336 327 389 misit
345 339 379 390 ad
400 355 504 408 regem:
525 337 571 392 sed
585 349 728 408 antequam
740 338 842 392 adirent
855 355 926 408 curn,
940 337 1009 391 duae

97 412 185 457 turres
205 423 266 458 cum
287 407 387 476 ingenti
409 409 511 478 fragore
532 409 704 478 prociderant,
723 423 770 477 per
790 425 901 477 quarum
923 407 1011 461 ruinas

97 473 265 528 Macedones
288 493 398 530 evasere
423 479 450 531 in
473 496 571 548 arcem,
597 495 650 548 qua
673 487 750 547 capta
772 477 925 532 Porticanus
947 493 1010 532 eum

96 543 192 616 paucis
205 561 354 614 repugnans
367 548 504 600 occiditur.

134 617 177 665 ³2.
199 614 290 666 Diruta
314 616 392 684 igitur
414 635 484 684 arce,
511 625 537 668 et
561 615 684 669 omnibus
707 614 821 685 captivis
845 616 1010 687 venundatis,

97 681 192 736 Sambi
210 684 280 752 regis
297 683 365 738 fines
382 687 516 754 ingressus
528 695 583 738 est:
604 685 747 754 multisque
763 682 868 763 oppidis
885 685 911 737 iu
929 687 1012 740 fidem

98 768 164 804 acce
185 753 225 822 tis,
235 753 429 808 validissimam
441 757 529 824 gentis
542 755 634 808 urbem
648 753 769 807 cuniculo
781 764 860 824 oepit.
891 753 1012 809 Barbaria

98 770 188 899 aimilb
201 825 321 875 monstri¹
334 826 421 878 visum
435 835 483 893 est,
494 824 602 877 rudibus
614 823 769 876 militarium
782 840 899 892 operum,
912 825 1012 894 quippe

98 905 126 942 tn
145 892 237 943 media
255 893 340 946 ferme
358 894 424 947 urbe
442 895 538 946 armati
557 903 625 946 terra
644 893 801 960 existebant,
818 893 890 946 nullo
907 893 1012 946 suffossi

98 959 208 1030 specus⁹
225 971 286 1013 ante
298 965 411 1032 vestigio
429 963 508 1016 lacto.
543 965 681 1031 Octoginta
698 962 773 1015 milia
792 961 917 1014 ludorum
935 961 962 1014 iu
980 979 1013 1014 ea

99 1031 208 1095 regione
227 1048 313 1101 caesa,
327 1032 476 1086 Clitarchus
493 1040 534 1085 est
551 1041 642 1085 auctor
664 1032 812 1100 multosque
827 1031 947 1100 captivos
963 1031 1013 1086 sub

98 1115 197 1150 corona
209 1102 335 1153 uenisse.³
369 1103 468 1156 Rursus
480 1101 613 1156 Musicani
629 1071 791 1170 defecerunt,
804 1100 837 1152 ad
850 1117 917 1169 qnos
928 1101 1013 1170 oppri-

98 1170 214 1221 mendos
227 1171 324 1223 missus
336 1181 376 1224 est
390 1171 492 1241 Pithon,
505 1172 551 1240 qui
564 1181 672 1240 captum
690 1170 837 1241 principem
849 1171 937 1238 gentis
949 1187 1013 1224 eun·

99 1237 218 1306 demque
231 1239 389 1295 delectionis
399 1252 535 1294 auctorem
548 1241 659 1294 adduxit
676 1240 711 1293 ad
727 1257 826 1308 regern.
863 1239 921 1298 Quo
933 1239 1013 1292 Alex-

97 1306 185 1359 ander
208 1309 235 1360 in
258 1325 366 1363 crucem
390 1311 501 1378 sublato,
523 1327 612 1362 rursus
634 1326 751 1378 amnem,
774 1309 800 1362 iu
821 1325 874 1378 quo
898 1310 1013 1363 classem

98 1386 244 1444 expectare
265 1395 294 1430 sc
313 1380 434 1450 jusserat,
458 1380 560 1449 repetit.
597 1379 694 1438 Quarto
714 1377 811 1432 deinde
832 1378 877 1431 die
897 1377 1014 1432 secundo

98 1461 183 1498 amne
203 1449 323 1516 pervenit
343 1449 377 1502 ad
396 1449 531 1519 oppidum,
552 1450 621 1518 quod
645 1449 672 1502 in
696 1449 817 1517 regnum⁴
838 1459 893 1500 erat
913 1447 1014 1502 Sambi.

100 1515 196 1584 Nuper
208 1517 295 1569 seille
307 1517 455 1584 dediderat,
469 1518 516 1572 sed
529 1518 652 1588 oppidani
665 1517 848 1571 detrectabant
861 1517 1014 1588 imperium,
1032 1524 1033 1527 ’

100 1592 127 1636 et
139 1585 292 1639 clauserant
305 1598 400 1658 portas.
433 1589 548 1644 Quorum
561 1587 694 1656 paucitate
707 1596 868 1656 contempta,
881 1605 927 1640 rex
939 1588 1015 1656 quiu-

99 1662 196 1722 gentos
213 1658 343 1724 Agrianos
361 1658 467 1710 moenia
486 1657 574 1711 subire
591 1657 677 1726 jussit,
693 1665 720 1708 et
739 1657 839 1709 sensim
858 1656 1017 1711 recedentes

99 1723 201 1776 elicere
214 1735 288 1778 extra
299 1743 390 1779 muros
401 1726 514 1796 hostem,
525 1738 677 1779 secuturum
690 1724 816 1794 prolecto,
830 1724 853 1776 si
865 1723 957 1794 fugere
970 1743 1017 1780 eos

99 1793 232 1846 crederet.
276 1796 394 1865 Agriani,
419 1797 487 1848 sicut
511 1797 546 1849 im
585 1804 669 1847 ratum
694 1804 758 1863 erat,
784 1794 908 1846 lacessito
931 1794 1015 1865 hoste,

100 1863 191 1914 subito
210 1872 283 1932 terga
296 1874 409 1934 vertunt,
422 1881 489 1934 quos
508 1865 554 1918 bar
591 1865 611 1917 ri
630 1863 716 1916 effuse
734 1871 878 1932 sequentes
895 1864 922 1914 in
940 1863 1015 1934 alios,

100 1933 172 2002 inter
185 1949 251 2002 quos
264 1935 321 2002 ipse
334 1951 381 1987 rex
394 1943 458 2003 erat,
472 1934 600 1987 incidunt.
637 1933 770 1986 Renovato
783 1947 844 1999 ergo
863 1930 968 2000 proelio,
983 1947 1018 1986 ex

100 2001 188 2054 tribus
207 2003 316 2055 milibus
336 2004 505 2057 barbarorum
526 2003 645 2056 sexcenti
666 2001 738 2073 caesi
757 2010 824 2070 sunt,
843 1999 918 2053 mille
936 2002 1016 2072 capti,

100 2072 186 2123 ceteri
199 2072 339 2126 moenibus
352 2074 424 2126 urbis
436 2073 537 2126 inclusi.

137 2143 179 2192 33.
198 2141 250 2194 Sed
268 2159 318 2194 non
336 2152 365 2195 ut
403 2143 470 2195 rima
481 2141 571 2212 specle
583 2142 654 2194 laeta
666 2139 782 2208 victoria,
795 2139 832 2192 ita
844 2147 941 2192 eventu
953 2155 1017 2209 quo·

100 2225 156 2280 que
176 2209 240 2263 luit:
264 2213 363 2281 quippe
381 2161 486 2265 barbari
503 2227 607 2263 veneno
627 2212 758 2263 tinxerant
777 2209 888 2277 gladios,
923 2209 1017 2279 ltaque

101 2279 188 2331 saucii
211 2281 334 2333 subinde⁵
352 2281 515 2352 expirabant,
535 2297 585 2332 nec
605 2297 686 2332 causa
707 2289 762 2332 tam
783 2287 906 2332 strenuae
925 2279 1018 2333 mortis

101 2349 249 2416 excogitari
262 2360 362 2420 poterat
374 2369 391 2402 a
402 2350 522 2418 modicia,
536 2363 600 2402 curn
617 2349 698 2402 etiam
717 2349 792 2402 leves
806 2348 901 2418 plagae
913 2348 1017 2402 insana·

101 2417 171 2470 biles
184 2428 283 2471 essent.
319 2419 428 2472 Barbari
445 2429 537 2472 autem
556 2429 725 2488 speraverant
745 2419 879 2472 incautum
893 2426 919 2470 et
932 2427 1016 2470 teme·

103 2488 201 2540 rarinm
229 2505 319 2556 regem
343 2489 431 2558 excipi
454 2505 541 2558 posse.
579 2489 612 2542 Et
633 2488 699 2540 forte
719 2489 788 2541 inter
808 2487 1017 2557 promptissimos

100 2557 235 2611 dimicans
262 2559 376 2611 intactus
401 2568 531 2610 evaserat.
567 2558 713 2626 Praecipue
739 2557 915 2624 Ptolemaeus,
939 2556 1016 2609 hero

102 2627 215 2680 humero
236 2626 330 2680 leviter
350 2628 460 2697 quidem
479 2629 594 2694 saucius,
614 2628 661 2679 sed
679 2625 780 2694 majore
798 2625 915 2694 periculo
932 2641 1015 2694 quam

100 2696 215 2749 vulnere
227 2696 349 2764 affectus,
364 2698 433 2764 regis
445 2696 650 2748 sollicitudinem
663 2696 688 2748 iu
701 2712 731 2747 se
743 2700 916 2747 converterat.
951 2693 1015 2746 Suu·

99 2765 185 2832 guina
197 2766 354 2835 conjunctus
366 2775 430 2835 erat,
443 2776 470 2818 et
482 2763 593 2834 quidam
606 2765 726 2833 Philippo
743 2763 862 2831 genitum
881 2777 941 2813 esse
958 2779 1014 2814 cre-

100 2833 211 2905 debant,
231 2845 305 2888 certe
323 2835 420 2905 pellice
441 2835 500 2904 ejus
518 2843 603 2888 ortum
624 2833 770 2886 constabat.
806 2829 881 2883 Idem
902 2832 1016 2900 corporis

100 2914 200 2974 custos,
224 2904 492 2975 promptissimusque
519 2903 637 2968 bellator,
662 2911 693 2954 et·
714 2900 789 2970 pacis
810 2898 912 2953 artibus
934 2917 1015 2970 quam

122 2999 217 3006 ..-—..-—

131 3048 138 3072 ¹
150 3041 200 3090 Far
210 3041 253 3090 the
263 3050 423 3102 govemment
434 3039 462 3086 oi
473 3041 568 3094 similis,
581 3053 622 3086 see
636 3037 716 3086 Gmn.
729 3036 804 3094 tuot,
817 3046 874 3086 uota
884 3041 907 3086 2.

130 3123 141 3149 ²
152 3117 207 3166 ‘Os
217 3133 232 3165 a
242 3131 344 3176 passage
356 3115 406 3176 dug
416 3113 602 3174 undmgrcuud’

121 3189 208 3240 ,¹The
239 3189 314 3238 erlect
331 3185 751 3242 infinitiveosoenco,‘1atnsold.'
784 3183 831 3235 Sea
845 3185 1013 3244 tinnitus,

100 3253 192 3298 notess.
223 3205 247 3296 lt
259 3265 311 3296 was
327 3247 368 3295 the
385 3256 480 3313 castum
495 3253 520 3292 at
540 3243 618 3292 Roma
637 3243 673 3292 sor
691 3244 813 3304 prisonem
827 3245 856 3296 oi
867 3259 925 3302 wat,
943 3243 1018 3294 uben

100 3307 208 3369 brought
219 3319 244 3355 to
255 3307 306 3356 sale
317 3309 351 3366 by
362 3316 467 3358 auctiora,
480 3313 506 3351 to
517 3319 582 3351 wear
592 3319 607 3352 a
617 3315 705 3352 crown.

129 3391 138 3414 ⁴
149 3385 200 3433 For
210 3385 235 3432 in
248 3401 327 3446 regno.
360 3381 407 3429 Sea
420 3373 518 3438 Zumpt,
530 3378 606 3432 5316.

130 3464 140 3489 ⁸
152 3453 340 3512 ‘Immediately
351 3449 509 3500 marnatis!

212 3531 243 3580 19
565 3539 585 3578 a
