2294 3842
503 249 594 291 uisuri
614 252 644 291 x.
970 237 1027 293 aiu

116 355 218 426 mortis,
231 355 307 425 cujus
324 366 412 426 metus
430 357 532 412 ceteros
550 359 690 428 exanimat,
700 373 832 429 perpetua
849 361 1024 431 contemptim

115 423 215 493 gloriae
235 425 373 494 laudisque
392 429 430 480 ut¹
446 427 516 498 justo
533 428 617 498 major
629 429 732 499 cupido,
745 429 782 482 ita
800 437 828 482 ut
844 429 935 501 juveni
955 439 981 483 et
999 431 1028 484 in

117 495 198 550 tantis
215 494 382 548 admittenda
399 496 492 566 rebus,
512 497 566 567 jam
586 497 672 568 pietas
689 515 752 566 erga
769 508 898 567 parentes,
935 516 1026 554 uorum

117 563 278 636 Olympiada
302 565 491 623 immortalitati
514 584 668 620 consecrare
691 567 853 636 decreverat,
874 516 1026 690 Philippum

119 632 190 686 ultus
201 642 273 701 crat,
291 633 345 703 jam
358 632 385 688 iu
398 652 491 688 omnes
502 635 559 689 sere
570 637 671 689 amicos
682 636 840 706 benignitas,
854 653 916 704 erga
928 639 964 691 mi
977 639 1026 692 ites

116 701 314 771 benivolentia,
332 704 472 757 consilium
489 723 536 775 par
553 705 728 774 magnitudini
746 705 835 775 animi,
855 715 881 758 et
899 717 1025 774 quantam

117 771 162 824 vix
172 779 277 852 poterat
294 780 369 826 aetas
380 773 440 842 ejus
457 791 561 854 capere,
575 775 696 845 sollertia,
711 775 804 828 modus
822 773 1026 830 immodicarum

117 840 303 912 cupiditatum,
327 842 440 896 Veneris
462 855 531 896 intra
552 844 671 897 naturale
694 843 857 897 desiderium
880 861 951 913 usus,
975 863 1026 898 nec

117 908 173 962 ulla
190 911 241 962 nisi
260 928 295 964 ex
312 912 439 980 permisso
451 913 578 983 voluptas,
592 914 714 982 ingemas
726 913 842 982 prolecto
854 913 929 966 dotes
941 923 1023 968 erant.

116 978 166 1031 Illa
178 977 315 1033 fortunae:
328 981 380 1033 diis
391 999 506 1051 aequare
519 999 555 1052 se,
566 991 592 1034 et
604 983 735 1036 coelestes
746 983 857 1036 honores
869 983 1026 1053 accersere,l

117 1055 144 1100 et
157 1047 222 1102 talia
242 1049 416 1105 suadentibus
432 1051 546 1104 craculis
563 1051 680 1122 credere,
694 1060 720 1104 et
733 1049 933 1120 dedignantibus
945 1069 1024 1104 verie-

116 1118 167 1170 raii
181 1117 270 1188 ipsum
281 1119 469 1174 vehementius
486 1138 566 1190 quam
579 1137 626 1190 par
638 1122 720 1174 esset³
731 1122 823 1189 irasci3
841 1123 868 1174 iu
885 1129 1026 1176 externum

116 1186 240 1240 habitum
265 1196 367 1241 mutare
390 1189 504 1259 corporis
527 1191 636 1261 cultum,
660 1190 756 1243 imitari
780 1190 939 1244 diviciarum
961 1207 1025 1258 geu·

117 1257 187 1310 tium
207 1273 303 1337 mores,
323 1274 390 1326 quos
411 1267 474 1312 ante
493 1259 631 1312 victoriam
654 1268 797 1330 spreverat.
832 1261 903 1314 Nam
923 1260 1025 1313 iracun-

116 1324 191 1378 diam
204 1333 231 1378 et
243 1327 398 1395 cupidinem
409 1328 463 1380 vini
476 1328 551 1380 sicuti
562 1328 671 1398 juventa
683 1330 836 1398 irritaverat,
849 1329 887 1382 ita
899 1337 1024 1382 senectus

116 1395 241 1463 mitigare
264 1396 399 1465 potuisset.
438 1396 587 1451 Fatendum
610 1407 650 1452 est
674 1408 771 1469 tamen,
796 1416 859 1452 curu
882 1397 1026 1468 plurimum

117 1465 207 1517 virtuti
221 1465 351 1534 debuerit,
364 1467 424 1535 plus
436 1465 562 1520 debuisse
577 1466 704 1538 fortunae,
718 1486 798 1538 quain
816 1468 888 1521 solus
905 1469 1024 1522 omnium
1050 1527 1051 1530 Ἴ

116 1533 270 1587 mortalium
294 1534 322 1590 in
344 1544 475 1604 potestate
499 1535 599 1590 habuit.
647 1538 774 1597 Quotiens
802 1539 878 1590 illum
901 1554 917 1590 a
941 1543 1025 1590 morte

117 1603 272 1656 revocavit?
298 1603 420 1673 quotiens
444 1613 545 1658 temere
572 1607 598 1658 in
624 1607 741 1676 pericula
765 1617 873 1662 vectum
916 1615 1026 1676 erpetua

116 1671 247 1726 felicitate
264 1673 398 1742 protexitl
433 1674 511 1727 Vitae
528 1691 634 1746 qunque
652 1677 734 1731 finem
752 1677 866 1730 eundem
885 1623 931 1746 illi,
944 1693 1026 1745 quem

115 1741 216 1810 gloriae
236 1743 333 1796 statuit.
371 1743 554 1812 Expectavere
572 1760 635 1796 eum
652 1743 714 1812 lata,
728 1745 793 1798 dum
809 1746 915 1798 Oriente
933 1744 1025 1824 perdo·

117 1812 191 1881 mito,
209 1811 334 1882 aditoque
351 1813 465 1882 Oceano,
484 1812 609 1882 quicquid
627 1813 772 1866 mortalitas
790 1813 912 1883 capiebat
931 1813 1024 1882 imple-

115 1883 178 1933 ret.⁴
212 1881 281 1934 Huic
300 1882 356 1950 regi
376 1881 489 1951 ducique
508 1899 645 1936 successor
662 1883 854 1952 quaerebatur:
875 1881 922 1936 sed
941 1881 1025 1952 major

116 1949 203 2003 moles
215 1961 278 2019 erat,
291 1967 371 2020 quarn
384 1963 413 2004 ut
425 1968 495 2004 uuus
510 1951 598 2004 subire
616 1969 677 2005 eam
690 1960 787 2021 posset.
823 1953 916 2020 Itaque
928 1967 1024 2006 nomen

116 2036 224 2090 quoque
245 2019 304 2090 ejus
324 2029 350 2074 et
371 2021 444 2073 lama
463 2037 551 2073 rerum
571 2021 600 2073 in
619 2030 703 2076 totum
722 2038 768 2091 pro
787 2020 914 2074 emodum
932 2020 1024 2075 orbem

116 2105 195 2168 reges
211 2107 244 2141 ac
263 2107 343 2159 regua
360 2089 475 2159 diffudit,
488 2089 680 2160 clarissimique
699 2099 758 2144 suut
769 2039 862 2160 labio,
875 2089 921 2160 qui
939 2091 1022 2144 etiam

115 2158 245 2211 minimae
256 2160 324 2228 parti
337 2168 425 2212 tantae
438 2159 558 2212 fortunae
571 2159 767 2214 adhaeserunt.⁵

153 2233 194 2280 19.
213 2229 339 2282 Ceterum
350 2227 487 2308 Babylone
505 2227 578 2294 (iude
597 2229 668 2282 enim
681 2229 792 2282 devertit
804 2228 897 2299 oratio)
909 2228 1024 2298 corporis

113 2296 175 2368 ejus
186 2297 311 2350 custodes
324 2298 350 2350 in
363 2315 465 2367 regiam
476 2297 609 2366 principes
620 2299 766 2352 amicorum
785 2298 921 2368 ducesque
936 2301 1023 2377 copia·

113 2383 174 2420 rum
202 2366 376 2420 advocavere.
412 2367 514 2438 Secuta,
536 2376 576 2419 est
605 2366 721 2422 militum
751 2369 834 2436 turba,
859 2368 1023 2438 cupientium

114 2435 192 2505 scire,
214 2436 240 2488 iri
264 2453 346 2507 queni
366 2435 512 2490 Alexandri
534 2435 640 2490 fortuna
662 2447 734 2491 esset
752 2439 898 2492 transitura.
942 2435 1023 2490 Multi

112 2505 199 2560 duces
218 2505 369 2575 frequentia
386 2505 501 2561 militum
522 2506 623 2560 exclusi
643 2508 745 2575 regiam
764 2508 860 2561 intrare
880 2524 931 2560 non
951 2515 1022 2576 pote·

111 2583 179 2645 rant,
192 2593 256 2628 cum
274 2591 376 2645 praeco,
395 2575 521 2645 exceptis,
541 2577 587 2645 qui
606 2577 762 2630 nominatim
779 2577 929 2646 citarentur,
948 2576 1022 2628 adire

110 2725 233 2792 restoring
243 2739 271 2774 so
279 2739 352 2785 many
361 2724 490 2784 kingdcms
498 2734 524 2772 to
532 2724 601 2772 those
610 2724 670 2774 from
680 2724 760 2799 whom
772 2725 803 2776 he
813 2724 861 2772 had
871 2724 945 2772 taken
956 2723 1023 2772 them

111 2799 138 2831 in
148 2798 207 2830 war.

143 2854 229 2903 ¹That
240 2855 270 2911 is,
285 2855 416 2916 ‘although
428 2864 469 2904 too
479 2865 556 2916 great,
569 2865 610 2916 yet
626 2865 652 2904 tc
667 2858 698 2905 be
714 2853 836 2904 conccdcd
851 2865 877 2903 to
892 2854 952 2911 him,
964 2869 1021 2902 cori·

110 2912 288 3022 {qitqrsipgmtehsat
302 2914 396 2963 hewse
412 2931 427 2964 a
441 2930 523 2976 young
533 2931 598 2973 man,
611 2915 658 2964 and
673 2915 698 2963 iri
712 2915 772 2964 such
784 2913 964 2974 extraordinary
975 2914 1020 2962 cir·

111 3039 254 3149 deblllring
265 3042 357 3098 about:
373 3043 504 3099 ‘mume”
518 3041 611 3092 in⁵²⁸³d
626 3041 654 3090 ⁰f
665 3040 755 3102 h⁰l³ing
770 3041 806 3088 for
821 3041 888 3090 them
904 3039 965 3090 alter
982 3040 1020 3088 his

142 3162 312 3225 'Respecting
323 3164 363 3218 the
375 3164 536 3224 subjunctive,
549 3180 590 3213 see
604 3165 682 3214 Grani.
694 3163 708 3216 l
719 3167 771 3221 357,
784 3173 841 3214 note
852 3169 874 3213 2.

141 3241 150 3264 ⁴
164 3233 354 3284 ‘Desthwaited
361 3236 423 3284 until
431 3237 461 3285 he
471 3236 557 3286 should
565 3236 711 3297 accomplish
720 3236 753 3284 all
761 3237 813 3286 that
822 3233 902 3285 which
911 3235 948 3285 his
957 3250 1019 3284 mor·

112 3295 146 3344 tal
159 3303 243 3342 nature
255 3309 306 3342 was
318 3295 416 3354 capable
427 3295 468 3344 ol)

142 3365 245 3417 “Who
253 3365 336 3426 joined
352 3381 413 3414 everi
423 3365 466 3415 the
479 3365 588 3416 smallest
604 3375 656 3426 part
672 3365 700 3416 of
711 3366 772 3417 such
782 3377 851 3428 great
861 3365 1019 3428 good-tuctu

110 3425 164 3474 that
177 3423 206 3481 is,
219 3423 275 3472 who
284 3424 397 3485 acquired
407 3439 469 3474 even
480 3423 575 3474 asmall
585 3435 637 3487 part
648 3425 676 3474 of
688 3421 740 3474 that
752 3425 870 3474 immense
881 3425 980 3486 empire.
