2278 3846
145 205 200 262 tto
406 217 445 258 na
469 216 573 258 essars
593 199 777 256 aaaxairuar.

142 328 301 400 Hyrcaniam
326 325 429 396 cadere,
448 325 533 406 cujus'
552 325 695 394 fastigium,
715 334 743 378 ut
766 341 846 396 supra
869 323 976 378 dictum
998 333 1048 395 est,

142 405 268 469 perpetua
279 395 348 448 valle
361 397 539 449 summittitur.

180 471 218 520 1³.
236 466 303 518 ilinc
329 481 374 518 rex
397 467 445 518 XX
470 465 554 517 stadia
579 463 705 533 processit
729 465 824 516 semita
854 466 1050 543 propemodum

142 536 220 602 invia,
233 536 276 588 cui
289 535 355 586 silva
366 534 528 602 imminebat,
543 543 722 602 torrentesque
735 543 761 585 et
779 533 883 586 eluvies
902 545 953 586 tter
965 551 1049 588 mora-

67 621 69 631 ·
142 605 245 660 bantur.
280 604 359 657 Nullo
380 614 469 656 tamen
489 601 564 654 hosta
584 601 668 670 obvio,
700 611 807 671 enetrat,
830 602 996 672 tandemque
1016 603 1050 658 ad

142 673 265 728 ulteriora
282 683 438 744 perventum
454 681 501 724 est.
539 671 646 724 Praeter
663 621 730 724 aiios
748 681 923 741 commeatus,
937 690 1051 742 quorum

142 753 200 796 tum
211 743 287 813 copia
302 742 372 810 regio
389 741 549 809 abundabat,
562 757 699 808 pomorum
717 757 821 810 quoque
840 742 935 808 ingens
954 743 1052 796 modus

142 813 265 882 nascitur,
278 821 306 866 st
318 813 479 866 uberrimum
491 809 631 879 gignendis
643 811 703 862 uvis
720 810 806 864 solum
823 819 873 862 est.
911 811 1053 880 Frequens

142 881 327 936 arborlaciem
339 898 453 952 quercus
470 880 556 948 habet,
570 879 646 948 cujus
663 879 727 932 lolia
743 879 827 932 multo
844 879 927 932 melle
947 881 1052 949 tingun-

143 961 191 1022 tur,
211 953 258 1006 sed
276 954 327 1006 nisi
345 951 407 1004 solis
423 959 508 1002 ortum
534 950 635 1002 incolae
661 949 855 1017 occupaverint,
875 950 919 1002 vel
945 951 1052 1004 modico

143 1032 232 1090 tepore
262 1038 341 1074 sucus
369 1020 548 1087 extinguitur.²
582 1019 652 1072 XXX
678 1018 739 1071 hinc
765 1017 850 1070 stadia
875 1029 1051 1090 processerat,

143 1109 204 1144 curn
218 1090 427 1159 Phrataphernes
445 1090 468 1140 ei
486 1089 605 1156 occurrit,
618 1105 700 1156 seque
718 1098 744 1139 et
762 1103 815 1156 eos,
828 1087 874 1156 qui
893 1097 953 1156 post
974 1090 1053 1144 Darei

144 1170 255 1214 mortem
273 1160 448 1230 profugerant,
468 1157 584 1210 dedens:
609 1157 707 1226 quibus
729 1156 843 1224 benigne
868 1159 999 1227 exceptis,
1018 1159 1053 1212 ad

143 1229 267 1300 oppidum
282 1233 365 1282 Arvas
377 1230 503 1297 pervenit.
541 1227 590 1278 llic
602 1227 626 1277 ei
639 1227 760 1278 Craterus
772 1236 798 1278 et
816 1226 942 1295 Erigyius
960 1245 1054 1282 occur·

144 1309 211 1351 runt.
254 1297 420 1350 Praefectum
446 1297 504 1365 Tap
517 1297 620 1348 τοηιῐηΒ
644 1295 730 1362 gentis
760 1295 923 1349 Phradatem
949 1297 1054 1350 addux-

144 1377 225 1419 erant.
262 1368 311 1418 llic
328 1383 433 1436 quoque
453 1365 477 1416 in
497 1315 578 1418 iidem
603 1373 724 1433 receptus
747 1364 838 1417 multis
854 1366 982 1436 exemplo
1000 1366 1054 1420 fuit

143 1435 295 1503 experiendi
312 1435 481 1487 clementiam
510 1434 587 1502 regis.
623 1434 747 1502 Satrapen
775 1433 873 1486 deindo
899 1435 1054 1504 Hyrcaniae

144 1504 218 1556 dedit
230 1505 372 1572 Manapin:
393 1505 452 1556 exul
468 1504 510 1555 hic
529 1513 653 1570 regnante
673 1501 745 1556 Ocho
765 1501 799 1555 ad
820 1502 974 1584 Philippum
994 1522 1054 1575 per·

144 1581 266 1625 venerat:
287 1573 448 1642 Tapyrorum
462 1589 567 1642 quoque
579 1581 687 1640 gentem
700 1571 824 1623 Phradati
838 1572 963 1626 reddrdit.

182 1649 220 1694 14.
238 1643 350 1711 Jamque
370 1642 462 1694 ultima
483 1643 505 1694 H
528 1646 632 1693 roaniae
651 1639 799 1708 intraverat,
812 1657 873 1693 cum
889 1644 1052 1714 Artabazus,

143 1729 224 1780 quem
238 1712 320 1764 Dareo
332 1710 490 1764 fidissimum
505 1660 587 1763 inisse
599 1727 676 1779 supra
688 1709 812 1777 diximus,
822 1726 883 1762 cum
898 1713 1054 1783 propinquis

145 1781 221 1834 Darei
240 1797 273 1832 ac
292 1781 348 1832 suis
368 1780 457 1833 liberis
476 1780 631 1848 modicaque
652 1779 812 1831 Graecorum
833 1777 949 1833 militum
971 1797 1053 1836 manu

143 1851 264 1902 occurrit.
300 1849 425 1903 Dextram
445 1849 560 1902 venienti
581 1848 674 1900 obtulit
695 1864 756 1900 rex:
780 1849 877 1917 quippe
902 1859 930 1902 st
955 1850 1054 1921 hospes

145 1917 258 1988 Philippi
271 1918 364 1988 iuerat,
378 1937 438 1972 cum
458 1919 530 1972 Ocho
550 1925 673 1985 regnante
694 1918 820 1986 exularet,
835 1926 860 1970 et
874 1917 984 1986 hospitii
1000 1921 1053 1990 pig·

143 2005 206 2041 nora
225 1990 249 2041 in
270 2005 360 2057 regem
381 2005 456 2040 snum
476 1987 511 2040 ad
524 1987 646 2039 ultimum
665 1985 733 2038 fides
749 1996 903 2039 conservata
916 1989 1052 2043 vincebat.

143 2057 258 2110 Comiter
270 2060 348 2126 igitur
360 2067 495 2126 exceptus,
508 2057 549 2109 Tu
561 2055 678 2124 quidem,
692 2056 782 2125 inquit,
798 2072 850 2124 rex,
863 2055 930 2108 deos
943 2075 1051 2128 quaeso,

144 2138 271 2196 perpetua
288 2126 413 2192 felicitate
432 2127 534 2178 floreas.
570 2125 625 2192 Ego
643 2125 737 2176 ceteris
755 2123 848 2193 laetus,
862 2125 913 2178 hoc
932 2143 986 2180 uno
1004 2137 1053 2180 tor-

143 2212 232 2264 queor,
253 2197 322 2265 quod
343 2195 478 2264 praecipiti
500 2203 636 2246 senectute
659 2191 703 2244 diu
726 2193 775 2245 irui
796 2203 840 2246 tua
860 2195 980 2248 bonitate
1001 2215 1052 2252 non

143 2281 260 2342 possum.
295 2265 501 2332 Nonagesimum
521 2273 546 2316 et
559 2265 678 2332 quintum
691 2279 789 2315 annum
802 2263 908 2331 agebat.
946 2267 1052 2320 Novem

155 2350 261 2399 uvenes,
274 2349 367 2386 omnes
386 2329 482 2384 eadem
503 2341 586 2384 matre
604 2332 692 2399 geniti,
706 2341 807 2400 patrem
827 2333 1053 2389 comitabantur.⁴
1126 2359 1130 2370 ·

142 2349 192 2454 hos
204 2402 351 2454 Artabazus
362 2401 485 2453 dexterae
507 2401 576 2468 regis
595 2401 719 2469 admovit,
734 2411 856 2470 precatus
876 2412 905 2454 ut
927 2413 985 2457 tarn
1006 2406 1051 2458 diu

144 2472 270 2539 viverent,
289 2469 373 2522 donec
393 2469 471 2522 utiles
490 2469 640 2523 Alexandro
658 2480 755 2522 essent.
790 2471 847 2523 Rex
866 2472 983 2540 pedibus
1003 2475 1052 2526 iter

143 2541 298 2619 plerumque
311 2538 443 2592 iaciebat:
462 2547 525 2592 tunc
544 2538 680 2591 admoveri
699 2540 749 2592 sihi
768 2548 794 2592 et
816 2540 949 2594 Artabazo
968 2559 1051 2612 equos

142 2609 227 2680 Jussit,
246 2627 279 2662 ne
299 2609 355 2679 ipso
373 2609 535 2677 ingrediente
555 2608 674 2678 pedibus,
693 2625 775 2661 senex
793 2625 861 2678 equo
874 2611 937 2663 vehi
957 2613 1050 2665 embe-

143 2688 237 2732 soeret.

180 2755 218 2801 15.
238 2749 273 2801 Ut
285 2746 382 2800 deinde
395 2755 479 2800 castra
500 2755 560 2800 sunt
580 2747 671 2816 posita,
685 2747 808 2816 Graecos,
821 2763 888 2816 quos
900 2749 1051 2802 Artabazus

141 2818 295 2887 adduxerat,
309 2817 446 2870 convocari
464 2816 552 2885 jubet:
572 2826 598 2867 at
617 2815 661 2884 illi,
676 2816 724 2867 nisi
743 2815 810 2869 fides
828 2817 1051 2874 Lacedaemoniis

171 2923 252 2970 ¹That
269 2923 298 2977 is,
317 2922 460 2984 Hyrcaniae.
493 2918 613 3028 Hyrcania
629 2927 691 2974 (now
707 2919 870 2989 Maeanderin)
887 2939 943 2983 may
960 2926 991 2971 be
1008 2924 1049 2972 de·

141 2981 236 3028 scribed
257 2997 283 3028 aa
303 2997 332 3028 an
349 2982 474 3030 extensive
490 2997 520 3028 va
531 2981 579 3040 icy,
597 2978 698 3027 covered
716 2980 774 3027 wnh
791 2990 855 3030 trees
873 2983 920 3030 and
935 2982 1048 3038 verdure,

142 3039 221 3087 which
233 3039 312 3098 alopas
324 3039 395 3088 down
406 3050 431 3088 to
443 3040 483 3088 the
496 3039 600 3099 Caspian
613 3039 668 3088 Sea.

170 3097 252 3144 'This
270 3107 399 3146 statement
418 3099 438 3146 is
456 3099 521 3158 quite
538 3107 638 3145 correct.
671 3097 725 3144 'l'he
737 3097 867 3147 thioksned
878 3113 921 3159 sap
933 3100 954 3148 is
965 3117 981 3149 a
990 3099 1051 3148 kind

140 3155 276 3244 os'manna,
289 3156 334 3203 and
345 3156 366 3203 is
377 3157 437 3226 used
448 3159 481 3218 by
492 3157 532 3205 tlte
544 3156 690 3224 inhabitants
701 3156 736 3204 lor
747 3171 826 3263 sugat.

185 3216 209 3262 A
221 3217 282 3261 tribe
293 3215 402 3263 bordenn
431 3232 495 3276 upon
506 3217 546 3264 the
559 3215 716 3274 Hyrcantans.
728 3231 758 3262 on
769 3227 778 3263 t
797 3232 810 3264 e
822 3226 891 3264 wast.

169 3274 366 3328 ‘Pharnabaaua
379 3291 393 3321 a
411 3276 479 3322 miral
490 3275 518 3322 os
530 3273 570 3342 tire
582 3275 681 3322 Persian
693 3273 749 3322 fleat
760 3282 809 3331 (see
821 3276 853 3324 iii.
865 3280 896 3331 6),
909 3277 957 3326 and
974 3278 1050 3326 talasa

140 3332 782 3450 ‘’”Lt‘tlttltllalttitlbu<hilaritati
789 3334 1051 3446 tildltltuit}

140 3407 172 3498 hh
183 3463 234 3496 was
245 3449 303 3496 with
315 3447 353 3496 his
364 3448 441 3496 father
452 3463 479 3496 or
490 3459 539 3505 not,
553 3449 573 3496 is
584 3451 695 3499 nowhere
707 3409 798 3500 statari)
859 3428 866 3452 ’
