2274 3844
477 265 569 306 erasa
590 267 641 307 vu.
956 255 1014 310 21³

103 369 209 424 obruta¹
222 389 347 426 emensus
364 389 431 440 sum,
451 375 586 442 augustiae
605 375 713 428 Ciliciae
732 377 833 447 intravi,
847 376 938 431 Indiae
957 380 1015 433 sine

104 439 264 493 lassitudine
283 443 338 495 vim
356 442 460 510 frigoris
478 461 537 496 sum
556 461 705 566 peppessus.
743 447 776 498 Et
789 448 842 499 mei
855 448 1015 502 documenta

104 509 182 562 vobis
205 510 277 578 dedi,
296 519 322 563 et
346 513 443 563 vestra²
462 511 554 565 habeo.
614 525 677 583 etra,
702 529 784 582 quam
808 517 912 580 videtis,
931 534 1015 571 uuum

103 579 212 632 aditum
236 579 324 649 habet,
349 597 429 649 quem
460 580 563 634 barbari
593 583 721 651 obsident,
745 593 834 636 cetera
864 587 1013 655 negligunt:

104 648 195 700 nullae
209 649 316 716 vigiliae
329 659 397 716 eunt,
413 650 464 702 nisi
482 667 551 719 quae
572 664 658 705 caetra
679 661 765 704 nostra
777 663 903 722 spectant.
939 657 1015 708 love·

103 719 186 769 nietis
208 720 288 786 viam,
309 719 330 770 si
356 719 473 771 sollerter
499 723 583 773 rimati
608 721 709 774 fueritis
732 722 820 774 aditus
843 723 959 777 ferentes
981 726 1013 777 ad

103 803 246 839 cacumen.
282 787 355 841 Nihil
374 797 429 840 tam
450 789 503 842 alte
525 801 616 843 natura
635 792 776 860 constituit,
795 808 847 860 quo
865 793 949 846 virtue
965 811 1015 847 non

124 858 191 909 oseit
204 857 287 909 θιιιῑὶ.8
323 858 490 926 Experiendo
508 876 576 927 quae
595 862 675 912 ceteri
695 861 909 929 desperaverunt,
922 865 1015 916 Asiam

103 875 240 978 babemus
252 928 275 978 in
290 937 427 996 potestate.
465 929 578 980 Evadite
591 931 616 982 in
629 945 767 996 cacumen,
780 931 849 999 quod
863 947 925 983 cum
937 949 1015 1001 cepe-

103 993 169 1064 ritis,
184 996 304 1048 candidis
316 995 383 1048 velis
401 998 505 1064 signum
524 997 590 1050 mihi
608 999 720 1053 dabitis:
740 1016 789 1067 ego
804 1000 886 1070 copiis
903 1002 1016 1055 admotis

104 1063 211 1117 hostem
234 1065 258 1116 in
279 1083 325 1117 nos
345 1083 361 1117 a
383 1065 455 1118 vobis
475 1077 636 1120 convertam.
681 1070 833 1122 Praemium
851 1070 899 1121 erit
919 1072 951 1138 ei,
971 1073 1016 1140 qui

103 1133 209 1203 primus
227 1137 395 1204 occupaverit
414 1136 550 1204 verticem,
564 1137 663 1189 talenta
675 1139 705 1207 X,
719 1154 770 1190 uno
790 1137 878 1192 minus
894 1141 1015 1209 accipiet,

104 1205 152 1273 qui
164 1203 302 1272 proximus
314 1204 340 1256 ei
354 1207 460 1274 venerit,
475 1205 624 1275 eademque
636 1207 670 1260 ad
683 1208 780 1260 decem
797 1207 918 1260 homines
931 1227 1016 1260 serva-

103 1271 178 1324 bitur
196 1275 299 1342 portio.⁴
334 1275 442 1326 Certum
467 1284 557 1330 nutem
577 1276 670 1344 habeo,
690 1293 737 1329 vos
756 1294 807 1330 non
827 1290 880 1330 tam
903 1279 1017 1330 liberali-

86 1392 90 1396 ,
104 1351 192 1394 tatem
205 1343 299 1394 intueri
314 1361 410 1411 meam,
423 1361 504 1412 quatu
516 1345 690 1398 voluntatem.

141 1416 184 1464 42.
205 1412 253 1464 His
270 1413 366 1465 animis
385 1430 475 1480 regem
488 1415 636 1484 audierunt,
650 1423 678 1468 ut
696 1416 752 1486 jam
773 1417 877 1486 cepisse
889 1418 1017 1469 verticem

104 1479 269 1534 viderentur.
307 1483 466 1552 Dimissique
485 1484 584 1536 lerreos
601 1501 707 1555 cuneos
720 1501 787 1554 quos
804 1488 871 1538 iuter
889 1503 953 1539 saxa
972 1486 1017 1538 de·

105 1551 229 1620 figerent,
259 1550 414 1620 validosque
444 1553 522 1604 luues
551 1554 686 1622 parabant.
733 1557 790 1608 Rex
825 1557 1018 1608 circumvectus

104 1629 221 1689 petram,
240 1637 292 1688 qua
311 1621 422 1674 minime
443 1639 520 1690 asper
538 1639 571 1674 ac
589 1633 745 1693 praeruptus
764 1625 851 1677 aditus
870 1626 1016 1694 videbatur,

85 1727 87 1730 -
104 1689 227 1742 secunda
244 1690 342 1758 vigilia,
356 1691 423 1760 quod
445 1691 512 1744 bene
524 1696 658 1758 verteret‚⁶
671 1694 771 1760 ingredi
789 1693 872 1762 jubet.
910 1695 954 1747 lili.
971 1694 1017 1746 ali-

105 1759 207 1810 mentis
219 1759 245 1810 iu
259 1759 368 1811 biduum
381 1761 500 1829 sumptis,
514 1761 609 1828 gladiis
620 1763 699 1813 modo
719 1774 801 1831 atque
822 1764 905 1815 bestie
923 1765 1017 1816 armati

104 1827 208 1880 subire⁸
221 1839 372 1898 coeperunt.
411 1833 450 1881 Ac
467 1832 551 1898 primo
569 1831 682 1898 pedibus
700 1832 808 1898 ingressi
828 1841 902 1884 eunt:
921 1834 1017 1886 deinde

105 1911 134 1950 ut
147 1898 175 1950 in
190 1907 331 1967 praerupta
348 1908 503 1967 perventum
525 1907 573 1966 eet,
587 1899 631 1952 ulii
652 1899 774 1952 manibus
793 1902 937 1954 eminentia
955 1919 1017 1954 saxa

103 1966 243 2035 complexi
256 1967 354 2019 levare⁷
366 1977 451 2020 semet
463 1985 468 2033 ς
487 1968 531 2020 alii
543 1968 657 2036 adjectis
669 1969 770 2021 lunium
785 1969 887 2037 laqueis
899 1987 1016 2042 evasere,

103 2053 167 2089 cum
183 2053 282 2088 cuneos
294 2038 360 2088 inter
373 2053 436 2088 saxa
448 2037 603 2106 defigerent,
617 2039 714 2106 gradus
731 2038 853 2106 subinde,
867 2040 926 2107 quis
945 2042 1018 2092 insis-

104 2107 214 2158 ῐιιιειιιῐ.Β
258 2107 336 2158 Diem
365 2105 433 2158 inter
457 2117 559 2159 metum
590 2107 759 2178 laboremque
791 2121 1017 2177 consumpserunt.

104 2176 157 2228 Per
169 2193 264 2244 aspera
276 2176 341 2228 uisis
352 2175 456 2227 duriora
470 2176 609 2246 restabant,
623 2188 649 2229 et
662 2193 782 2229 crescere
800 2176 910 2228 altitudo
928 2191 1018 2248 petrae

104 2235 258 2297 videbatur.
294 2243 343 2297 llla
355 2260 416 2296 vero
430 2243 587 2298 miserabilis
606 2257 661 2299 erat
674 2247 764 2311 facies,
777 2263 838 2299 cum
860 2247 884 2313 ii,
898 2263 964 2316 quos
982 2251 1018 2300 in·

104 2315 213 2368 stabilis
225 2313 322 2382 gradus
333 2313 484 2381 fefellerat,⁹
497 2331 531 2366 ex
548 2316 685 2384 praecipiti
706 2315 917 2369 devolverentur.
954 2319 1018 2371 Mox

104 2385 207 2437 eadem
234 2385 260 2435 in
285 2401 313 2435 ee
338 2383 463 2452 patienda
482 2383 561 2435 alieni
583 2403 662 2438 casus
681 2384 837 2438 ostendebat
855 2388 1017 2457 exemplum.

104 2455 157 2507 Per
181 2451 232 2505 has
255 2461 343 2506 tamen
369 2453 542 2505 difficultates
560 2456 694 2508 enituntur
712 2457 737 2507 in
756 2455 882 2507 verticem
910 2458 1016 2524 montis,

107 2611 340 2778 Gatltficssbiealentto
350 2672 435 2719 carri.-
451 2671 493 2719 ‘oi
503 2687 552 2732 you
562 2673 575 2721 I
586 2674 647 2723 bave
658 2674 754 2734 procla!

137 2731 359 2860 “R‘a'tgllmlblrom
371 2807 415 2852 pro
423 2792 539 2851 portione,
554 2792 696 2853 ‘according
707 2803 732 2840 to
742 2791 811 2847 rate,’
825 2805 839 2838 a
849 2805 904 2840 new
915 2793 982 2842 word
998 2797 1018 2843 is

107 2849 216 2978 soweie·
222 2858 358 2968 bribbmqblbd
368 2910 422 2956 bene
432 2917 517 2964 certat,
533 2914 603 2970 ‘moy
614 2926 657 2958 our
667 2907 828 2968 undertaking
844 2906 905 2956 have
921 2924 936 2957 a
951 2925 1016 2969 prce·
1035 2898 1036 2905 ἵ

108 2966 932 3085 raasertor.terrearrrrtriturarentur
941 2969 1017 3018 “⁶¹-

139 3083 206 3133 ¹For
214 3087 325 3154 levavere.
358 3085 412 3132 The
424 3061 558 3145 ambiguity
566 3043 743 3153 whicb’results
751 3084 813 3154 from
821 3085 863 3155 the
871 3087 1018 3155 contractiori

109 3142 139 3191 ol
150 3145 192 3192 the
208 3143 299 3203 perfect
317 3155 367 3192 rnto
386 3143 425 3214 tire
442 3160 509 3192 same
528 3144 588 3212 form
610 3144 693 3192 aethe
713 3143 839 3201 rufinrtrve,
856 3162 886 3216 rs,
905 3145 1018 3214 mother

109 3218 154 3292 ¹¹⁸?
155 3218 231 3331 itt}
238 3203 367 3310 billi:
375 3204 540 3310 {lollii
542 3203 932 3322 torculariorum
939 3207 1017 3310 lilii

109 3319 259 3449 tbpp'ppgpg
264 3331 345 3430 rsvtligm
354 3380 395 3448 tire
403 3379 521 3447 unsteady
530 3391 584 3448 step
591 3379 762 3449 bad'deoeived
769 3383 785 3432 ι’
794 3382 836 3432 the
842 3391 898 3440 step
906 3380 1017 3431 deceives

110 3454 135 3506 ιιι
145 3439 247 3500 makrng
258 3440 299 3488 tlre
315 3439 403 3488 soldrer
419 3437 513 3487 bebere
530 3439 567 3488 brs
586 3440 678 3501 loctrng
697 3450 722 3488 to
740 3442 771 3489 be
788 3455 881 3496 secure,
895 3440 941 3489 end
959 3441 1018 3492 tben

108 3499 193 3560 giving
203 3514 266 3559 way.
