2294 3842
461 229 553 268 arasa
574 229 637 269 vnr.
944 211 1000 267 att

87 335 231 405 exaitare,¹
251 353 284 388 ne
305 335 416 391 invisam
435 337 621 392 liberalitatem
639 355 730 392 meam
749 337 854 408 faciam,
871 337 894 390 si
912 337 1006 406 pudori

86 412 178 458 restro
189 422 301 474 gravem
313 406 410 460 fecero.
445 409 542 461 Totum
555 409 701 462 exercitum
719 409 844 478 aspicite:
863 408 909 488 qui
928 407 1006 476 paulu

88 485 151 528 aute
183 476 249 527 nihil
279 486 382 545 praeter
410 495 485 531 arma
514 477 636 548 habebat,
665 495 736 531 nuno
764 487 898 545 argenteis
926 477 1006 531 cubat

88 543 168 598 lectis
176 547 196 614 5²
206 563 315 598 mensas
326 563 389 598 auro
406 557 523 616 onerant,
537 565 670 602 servorum
690 563 785 616 greges
801 547 910 616 ducunt,
923 547 1007 618 spolia

89 615 124 667 de
148 614 274 668 hostibus
292 617 422 670 sustinere
442 636 492 670 non
513 629 630 686 possunt.
667 622 701 671 At
722 617 795 670 enim
815 616 920 684 Persae,
940 632 1007 688 quos

92 681 214 751 vicimus,
228 687 254 738 in
268 703 364 754 magno
377 687 474 740 honore
493 697 553 739 sunt
572 688 643 758 apud
657 685 716 740 me!
755 686 900 755 Equidsm³
917 687 1007 740 mode-

90 755 200 807 rationis
230 773 307 808 meae
337 757 516 809 certissimum
543 757 671 810 indicium
702 763 750 825 est,
775 755 845 825 quod
872 773 906 807 na
931 755 1008 808 vietis

91 825 204 946 quidem
223 825 338 894 superbe
355 827 465 896 impero.
501 827 568 879 Veni
588 827 662 880 enirn
679 827 705 878 in
718 827 818 895 Asiam,
833 841 883 877 non
903 837 931 877 ut
949 827 1008 878 fun·

111 894 164 945 itus
183 905 335 946 everterem
351 905 453 964 gentes,
467 913 517 948 neo
530 905 558 949 ut
570 896 682 949 dimidia
700 905 775 965 parte
793 896 932 947 terrarum⁴
949 894 1008 947 soli-

92 963 214 1017 tudinem
226 963 351 1032 sacerem,
362 965 409 1018 sed
423 975 451 1018 ut
463 965 528 1034 illos,
538 983 605 1034 quos
616 966 687 1019 bello
699 965 874 1034 subegissem,
885 965 1008 1018 victorias

90 1049 171 1085 meae
196 1051 247 1086 non
269 1035 435 1102 poeniteret.⁵
470 1035 564 1105 Itaque
587 1035 701 1089 militant
725 1036 871 1100 vobiscum,
894 1049 940 1103 pro
961 1034 1008 1087 im·

90 1103 164 1172 perio
175 1115 265 1155 vestro
278 1106 436 1172 sanguinem
453 1104 574 1171 fundunt,
586 1104 634 1174 qui
651 1104 765 1174 superbe
782 1104 866 1158 habiti
886 1103 1009 1156 rebellas

91 1183 160 1225 sent.
197 1173 256 1225 Non
270 1183 310 1226 est
322 1174 447 1227 diuturna
459 1175 598 1244 possessio,
612 1176 638 1227 in
651 1191 732 1244 quam
744 1174 832 1242 gladio
844 1173 1008 1226 inducimur:

30 1271 35 1276 -
90 1241 282 1296 beneficiorum
302 1245 386 1311 gratia
405 1245 568 1314 sempiterna
587 1253 637 1297 est.
674 1244 701 1296 Si
720 1243 820 1298 habere
839 1243 941 1312 Asiam,
958 1259 1009 1296 non

91 1313 204 1364 transire
216 1312 347 1382 volumus,
361 1331 424 1366 oum
437 1313 479 1366 his
491 1313 714 1367 communicanda
732 1321 773 1366 est
790 1322 877 1366 nostra
893 1313 1010 1366 clemen·

90 1382 146 1450 ua5
170 1379 266 1436 horum
288 1382 356 1436 fides
374 1383 469 1436 stabile
487 1391 515 1436 et
532 1393 672 1439 aeteruum
689 1383 770 1436 faciet
788 1384 939 1452 imperium.
976 1383 1010 1436 Et

90 1469 158 1504 sane
170 1451 232 1520 plus
244 1451 384 1526 habemus,
397 1469 479 1522 quam
496 1469 528 1504 oa
548 1453 624 1506 imus.
662 1453 823 1507 Insatiabilis
839 1462 931 1506 autom
949 1468 1011 1504 ava-

91 1521 168 1574 ritias
186 1530 234 1590 est,
253 1521 343 1574 adhuc
359 1521 465 1592 impleri
481 1471 572 1592 veliis,⁸
589 1523 659 1592 quod
677 1522 733 1593 jam
751 1523 923 1576 circumfluit.
959 1522 1011 1575 Ve-

90 1593 255 1644 rumtamen'!
278 1609 370 1644 eorum
400 1609 488 1644 mores
510 1593 538 1645 in
562 1592 726 1646 Macedonas
755 1591 929 1647 transfundo!
979 1591 1008 1647 In

90 1660 185 1714 multis
210 1663 284 1714 euim
307 1660 432 1730 gentibus
455 1678 515 1714 esse
539 1661 625 1730 video,
650 1678 720 1732 quae
743 1679 795 1715 non
819 1662 1012 1716 erubescamus

90 1730 206 1799 imitari;
225 1747 277 1783 neo
293 1731 489 1793 alitertanturn
510 1730 652 1800 imperium
671 1742 734 1800 epte
753 1732 808 1800 regi
819 1739 914 1802 potest,
928 1747 1010 1802 quam

89 1808 121 1854 ut
134 1798 270 1870 quaedam
282 1809 310 1853 et
322 1800 459 1854 tradamus
471 1799 531 1870 illis,
546 1809 573 1852 et
585 1801 620 1853 ab
632 1799 729 1853 iisdem
743 1800 887 1854 diseamus.

126 1875 172 1922 28.
191 1869 260 1923 Illud
273 1885 359 1940 paene
372 1871 424 1922 risu
437 1869 548 1938 dignum
565 1869 622 1948 fuit,
635 1869 705 1938 quod
718 1869 877 1922 Hermolaus
889 1868 1011 1939 'postula-

11 1963 12 1966 ‘
90 1939 137 1993 bat
156 1957 173 1992 a
191 1957 244 2010 me,
257 1949 286 1994 ut
305 1951 441 1993 aversarer
458 1940 561 2007 iovem,
579 1955 656 2008 quus
673 1939 778 1992 oraculo
796 1955 931 2008 agnoscor.
967 1941 1011 1994 An

90 2009 173 2062 etiam
193 2010 257 2078 quid
275 2009 313 2062 dii
332 2009 515 2080 respondeant,
536 2010 562 2061 in
580 2025 642 2062 mea
660 2016 791 2078 potestate
809 2008 868 2060 esti
909 2007 1011 2061 Obtulit

90 2079 158 2133 mihi
180 2079 227 2132 filii
248 2093 353 2146 nomen,
376 2079 494 2149 recipere
518 2079 583 2147 ipsis
606 2077 692 2146 rebus,
714 2089 781 2147 quas¹
804 2077 916 2146 agimus,
938 2075 1010 2130 haud

89 2149 211 2201 alienum
225 2149 295 2204 fuit.³
331 2148 438 2202 Utinam
456 2147 514 2200 Indi
532 2165 637 2216 quoque
656 2147 736 2200 deurn
754 2165 813 2200 esse
826 2163 870 2200 rne
882 2146 1008 2200 credant!

92 2217 177 2270 Fama
195 2219 267 2272 enim
287 2217 357 2272 bella
375 2217 515 2281 constant,l
533 2225 559 2269 et
578 2234 658 2288 saepe
671 2217 753 2270 etiam
765 2217 835 2287 quod
849 2215 915 2268 salso
927 2217 1011 2272 oredi-

90 2298 148 2340 tum
169 2297 211 2340 est
229 2289 286 2341 veri
299 2289 385 2340 vicem
405 2287 530 2338 obtinuit.'
563 2288 606 2338 Au
625 2303 669 2339 rne
687 2286 806 2340 luxuriae
825 2286 1010 2355 indulgentem

89 2357 192 2428 putatis
213 2375 288 2410 arma
307 2367 394 2409 vestra
417 2372 481 2409 auro
504 2363 666 2426 argentoque
690 2356 853 2410 adornasset
888 2356 1011 2410 Assustis

89 2427 158 2479 nihil
179 2426 259 2479 vilius
276 2426 327 2479 hae
346 2426 430 2478 videri
449 2427 562 2478 materia
581 2424 652 2479 volui
676 2427 824 2498 ostendere,
845 2425 1011 2480 Macedonas

115 2589 126 2652 ¹¹
143 2581 235 2663 Testpu
246 2583 346 2631 excitare
358 2581 379 2628 is
389 2596 404 2628 a
414 2595 526 2629 common
541 2564 691 2640 eapressiou,
707 2585 746 2628 ‘to
761 2580 808 2630 eall
824 2595 852 2629 or
866 2595 980 2629 sammon
995 2595 1011 2630 a

89 2651 207 2790 mimis
217 2715 280 2747 vvere
291 2698 429 2758 frequently
440 2698 544 2746 adorned
555 2699 615 2747 nith
625 2699 699 2747 silver
709 2714 736 2748 or
747 2699 815 2758 ivory
825 2697 962 2757 bordaring.

118 2761 545 2878 ⁴1⁸iilll2ltd⁵lnnenne:
682 2861 684 2866 ,

120 2887 128 2911 ¹
139 2885 146 2906 ⁴
156 2878 223 2926 That
232 2877 272 2926 the
296 2877 373 2938 might
380 2884 422 2924 not
430 2878 460 2923 be
468 2875 583 2927 asharned
590 2875 761 2934 ofmyviotory
769 2875 786 2930 ς’
795 2873 847 2921 that
854 2873 884 2928 ia,
893 2873 970 2934 might
977 2876 1009 2925 bs

88 2936 223 3012 oqntsnted
232 2893 292 2984 widi
304 2937 329 2984 it.
348 2935 454 3006 i’qmtitet
467 2933 510 2982 has
517 2936 582 2982 osten
591 2934 640 2981 this
648 2933 817 3001 signification,
827 2950 846 2980 e.
851 2949 886 2996 g.‚
897 2950 946 2980 noa
953 2951 1007 3018 pas,

85 2990 1008 3116 ,²²'ttltpllt}ltltlttttdltuttltttt‘lttltlltttlttttl

89 3115 289 3234 ovterhlflgdiiiilent
300 3181 327 3220 to
337 3181 371 3228 at,
384 3171 430 3220 and
441 3169 593 3231 introducing
608 3169 649 3218 the
659 3169 785 3228 quotation
799 3169 829 3219 ol
840 3185 871 3219 aa
884 3171 1019 3231 objectioni

89 3237 163 3284 made
175 3235 209 3294 by
220 3231 262 3280 the
273 3245 379 3280 accuser.
653 3287 657 3297 ι
883 3239 886 3244 “
970 3288 976 3298 1

118 3301 127 3325 ·
141 3301 148 3322 ⁴
159 3292 216 3341 'I'he
225 3290 386 3351 aeceptingoi
392 3289 410 3337 it
418 3290 461 3338 bae
470 3297 511 3336 not
519 3289 581 3336 baeu
587 3287 724 3336 unsuitable
731 3287 769 3338 ior·
775 3293 824 3342 (or‘
833 3287 1026 3349 unprodactne:

90 3353 119 3404 os
128 3353 267 3411 advantage
279 3351 322 3404 in’)
332 3365 377 3398 our
386 3347 560 3408 undertakings
571 3346 737 3398 themselves!
770 3348 818 3397 See
831 3349 910 3397 Graia.
921 3347 936 3399 b
947 3351 1001 3397 Μ

93 3477 98 3487 ¹
119 3423 129 3447 ⁸
142 3415 229 3464 ‘Wars
240 3430 280 3463 are
291 3411 422 3483 supported
433 3411 535 3496 bpsame
543 3413 559 3470 ;'
573 3411 624 3460 that
633 3412 663 3469 is,
676 3413 731 3467 ‘the
741 3411 804 3488 fatus
813 3413 841 3464 ol
847 3411 1018 3479 intinoihility,

91 3493 113 3527 rs
124 3475 168 3526 the
179 3484 261 3525 eareat
271 3475 338 3522 basra
348 3473 376 3522 al
388 3487 445 3521 war.
487 3471 534 3520 See
546 3472 644 3532 Zumpt,
657 3468 734 3524 §452

203 3539 234 3587 ts
581 3549 598 3586 r.
