2274 3844
112 203 170 256 222
243 273 247 287 ν
373 213 412 254 ns
437 213 543 254 oasrts
565 211 748 253 susannem.

111 323 205 394 coepit,
238 321 281 376 uid
300 339 334 376 ex
351 321 419 374 Clito
436 322 579 375 audissent.
616 322 650 374 Et
666 321 716 374 illis
734 320 769 374 ad
786 319 920 374 silendum
937 317 1030 372 obsti·

111 395 198 462 natis,¹
210 341 294 446 (litus
305 391 433 461 paulatim
446 392 546 461 majore
559 408 624 445 voce
642 390 755 460 Philippi
773 399 833 442 acta
851 388 986 457 bellaque
1001 389 1030 442 itt

111 464 221 516 Graecia
239 469 315 529 gesta
335 470 532 529 commemorat,
549 462 638 512 omnia
656 460 836 529 praesentibus
855 458 1028 528 praeferens.

111 533 178 586 Hinc
197 533 262 584 inter
278 530 395 600 juniores
412 548 541 598 senesque
553 540 608 582 orta
621 529 752 582 contentio
765 541 820 596 est;
837 538 863 579 et
876 545 930 595 rex,
946 527 1030 578 velut

110 603 241 680 patienter
251 601 360 669 audiret,
373 600 433 670 quis
450 601 532 653 Clitus
549 600 685 653 obterebat
698 598 790 652 laudes
802 595 866 666 ejus,
879 597 1030 663 ingentem

111 688 177 723 tram
206 679 369 739 conceperat.
407 670 528 722 Ceterum
552 687 614 722 curn
637 669 725 720 animo
750 667 880 720 videretur
903 666 1029 735 impera-

111 749 191 809 turus,
216 740 239 792 si
262 741 342 794 finem
367 739 520 809 procacitet⁹
542 749 596 790 orto
621 739 734 790 sermoni
758 737 840 788 Clitus
860 737 1028 804 imponeret,

110 809 176 862 nihil
188 825 277 862 eorum
291 809 448 878 omittente,³
459 808 546 877 magis
557 807 769 876 exasperabatur.
807 807 920 873 Jamque
933 804 1029 858 Clitus

111 879 193 932 etiam
209 879 410 933 Parmenionem
428 877 572 930 defendere
586 877 710 941 audebat,
724 885 750 927 et
762 874 875 944 Philippi
887 874 922 926 de
935 873 1028 926 Athe-

111 949 248 1002 niensibus
261 949 395 1000 victoriam
415 947 567 1000 Thebarum
586 946 751 1016 praeferebat
767 944 877 1012 excidio,
890 960 943 996 non
956 943 1027 996 vino

110 1018 196 1087 ruodo,
218 1017 265 1070 sed
286 1018 367 1070 etiam
387 1017 469 1068 animi
490 1033 569 1086 prava
589 1015 762 1068 contentione¹
780 1013 938 1082 provectus.⁴
976 1012 1026 1066 Ad

111 1087 242 1156 ultimum,
256 1087 283 1138 Si
296 1086 469 1153 moriendum,
484 1085 574 1154 inquit,
588 1093 628 1136 est
641 1101 686 1153 pro
699 1092 733 1152 te,
747 1084 828 1136 Clitus
845 1092 884 1134 est
900 1083 1024 1152 primus:

110 1167 137 1208 at
161 1173 221 1208 curn
245 1155 368 1208 victoriae
392 1155 529 1207 arbitrium
552 1155 627 1221 3ςίεῷ
670 1154 820 1222 raecipuum
844 1152 952 1220 ferunt,⁸
973 1153 1024 1221 qui

111 1226 297 1294 procacissime
316 1225 397 1293 patris
420 1225 457 1275 tui
480 1223 624 1276 memoriae
645 1171 765 1275 illudunt.
802 1221 961 1289 Sogdianam
980 1238 1024 1274 re-

110 1297 215 1361 gionem
240 1294 306 1346 mibi
329 1293 456 1361 attribuis,
479 1293 574 1344 totiens
598 1291 732 1361 rebellem,
754 1299 780 1343 et
803 1309 855 1343 non
878 1291 958 1343 modo
980 1291 1022 1344 in·

110 1364 245 1432 domitam,
268 1362 315 1414 sed
339 1379 406 1430 quae
431 1380 463 1414 ne
488 1362 574 1428 subigi
598 1361 706 1430 quidem
729 1361 831 1430 possit!
871 1361 964 1412 Mittor
985 1360 1022 1414 ad

111 1433 181 1484 fetas
198 1432 302 1500 bestias,
319 1431 481 1501 praecipitia⁸
498 1431 602 1498 ingenia
618 1432 728 1482 sortitas.
765 1430 815 1482 Sed
834 1448 902 1499 quae
920 1430 956 1482 ad
974 1447 1021 1482 me

111 1503 240 1571 pertinent
254 1512 364 1553 transeo.
400 1499 513 1568 Philippi
533 1501 630 1552 milites
649 1501 757 1568 spernis,
778 1499 884 1569 oblitus,
905 1500 956 1551 nisi
974 1499 1020 1552 hic

110 1571 252 1638 Atharrias,
274 1587 356 1622 senex
377 1569 493 1638 juniores
516 1587 632 1638 pugnam
655 1571 833 1621 detrectantes
857 1579 1017 1640 revocasset,

109 1639 197 1692 adhuc
216 1656 263 1692 nos
284 1639 354 1692 circa
374 1640 589 1692 Halicarnassum
608 1639 733 1692 haesuros
752 1638 841 1691 fuisse.
879 1639 1019 1696 Quomodo

110 1710 188 1777 igitur
203 1709 296 1762 Asiam
314 1711 395 1763 etiam
413 1728 476 1763 cum
495 1711 552 1762 istis
568 1709 712 1779 junioribus
725 1707 880 1776 subjecistil
917 1709 1019 1760 Verum

110 1789 157 1846 est,
174 1788 202 1831 ut
218 1779 314 1848 opinor,
331 1779 401 1859 quod
419 1779 578 1832 avunculum
597 1777 683 1830 tuum⁸
701 1777 726 1828 in
744 1777 819 1830 ltalia
838 1776 940 1830 dixisse
959 1793 1018 1830 cott-

110 1859 169 1917 etat,
182 1849 269 1918 ipsum
283 1849 307 1900 in
320 1867 389 1902 viros
401 1848 533 1916 incidisse,
548 1857 573 1899 te
587 1847 613 1900 iu
627 1847 748 1898 feminas.

145 1925 169 1971 5.
187 1918 260 1971 Nihil
284 1937 317 1972 er
340 1919 461 1972 omnibus
485 1917 630 1970 inconsulte
650 1933 682 1966 ac
702 1925 803 1966 temere
826 1913 904 1984 jactis
926 1933 1018 1983 regem

109 1990 197 2058 magis
227 1998 353 2057 moverat,
378 2006 459 2057 quam
489 1985 669 2040 Parmenionis
698 2002 759 2036 cum
789 1983 888 2036 honore
918 1985 1018 2038 mentio

108 2058 190 2111 illata.
227 2057 348 2110 Dolorem
372 2065 460 2109 temen
485 2073 532 2110 rex
555 2055 654 2124 pressit,
676 2061 814 2106 contentus
835 2053 968 2122 jussisselo
990 2064 1018 2106 ut

109 2127 227 2178 convivio
240 2126 393 2182 excederet„
424 2127 483 2178 Neo
500 2125 641 2193 quicquam
660 2123 731 2174 aliud
749 2122 856 2192 adjecit,
870 2140 952 2192 quam
969 2123 1017 2196 for·

109 2196 177 2246 sitan
196 2212 266 2264 eum,
284 2195 305 2248 si
318 2195 416 2248 diutius
428 2195 530 2248 locutus
542 2194 614 2262 foret,
629 2192 845 2261 exprobraturum
864 2193 914 2244 sibi
934 2192 1016 2244 fuisse

138 2329 145 2351 ¹
161 2323 265 2377 Obsecro,
281 2323 308 2370 ‘I
319 2323 412 2370 resolve
428 2339 492 2382 upon
507 2321 662 2382 something‚’
676 2321 736 2368 with
746 2321 788 2368 the
798 2320 917 2368 infinitiva
929 2337 956 2368 or
966 2325 997 2369 ad
1003 2339 1013 2378 ;

109 2383 149 2428 the
167 2382 288 2440 participle
304 2385 434 2429 obstinatus
451 2383 471 2430 is
487 2383 511 2428 in
527 2391 589 2428 most
605 2380 715 2439 frequent
727 2396 779 2435 use,
792 2380 816 2427 in
828 2381 868 2426 the
880 2396 953 2428 sense
964 2381 1015 2430 ofa

109 2456 164 2488 man
176 2441 230 2487 who
242 2441 284 2487 has
296 2440 406 2487 resolved
417 2456 448 2486 on
459 2440 604 2499 something,
618 2444 664 2488 and
677 2439 754 2487 sticks
766 2451 791 2486 to
801 2439 840 2487 his
851 2440 927 2498 point.

136 2505 146 2530 ²
158 2499 202 2546 ‘ln
213 2515 243 2546 an
254 2499 386 2557 impudent,
399 2499 517 2558 irritating
528 2498 643 2546 manner.⁷

137 2557 246 2605 ³Namel
266 2594 271 2613 ‚
288 2557 356 2606 Clito.
679 2582 682 2588 ·

134 2623 145 2652 ⁴
158 2574 289 2677 ‘Impelled
300 2619 332 2677 by
343 2617 381 2665 his
393 2616 495 2673 wichad,
509 2616 670 2684 quarrelsome
683 2615 843 2676 disposition’

137 2685 144 2709 ¹
157 2683 163 2704 ‘
173 2678 254 2725 When
263 2692 309 2737 you
318 2677 373 2738 give
381 2675 508 2737 judgment
518 2691 544 2722 as
554 2686 578 2722 to
587 2675 627 2722 the
637 2677 746 2734 victory!
774 2676 852 2736 Agere
862 2691 946 2724 serves
955 2677 1012 2724 with

107 2751 179 2796 many
191 2737 355 2785 substantivas
370 2746 395 2783 to
410 2735 471 2782 form
485 2751 500 2782 a
514 2735 664 2794 paraphraso.
696 2735 751 2782 The
766 2737 891 2782 arbitrium
906 2738 1014 2784 victoriae

107 2797 181 2863 refers
200 2806 225 2844 to
244 2797 287 2844 the
304 2795 458 2844 distribution
476 2794 503 2842 os
520 2795 625 2842 rewards
646 2794 692 2842 and
712 2793 881 2853 punishments
897 2794 959 2842 after
975 2795 1012 2843 the

106 2867 206 2902 victor.

134 2920 142 2943 ⁶
153 2872 319 2976 Phameam,
335 2915 400 2963 ‘that
412 2913 491 2961 which
502 2913 522 2960 is
533 2911 606 2960 taken
617 2912 668 2960 first
677 2913 693 2970 ς’
707 2911 772 2967 here,
785 2911 914 2970 therefore,
930 2914 1012 2961 ‘those

106 2972 163 3020 bear
174 2989 243 3032 away
254 2973 294 3020 the
307 2975 360 3021 best
371 2983 422 3034 part
433 2973 461 3021 of
473 2973 513 3020 the
524 2971 638 3027 rewards,
652 2971 725 3026 who,’
740 2971 788 3018 dac.

136 3033 192 3078 'As
204 3043 228 3079 to
239 3032 288 3079 this
299 3033 459 3092 subjunctive,
473 3047 514 3080 see
527 3031 606 3078 cram.
620 3029 692 3086 §360‚
704 3034 725 3077 3.

124 3095 142 3156 ,8
154 3090 278 3194 Literallpp
295 3091 447 3151 ‘headlong,’
463 3091 564 3149 ‘steen'
582 3105 612 3136 an
628 3089 719 3148 epithet
735 3087 847 3148 properly
858 3089 955 3148 applied
965 3099 1013 3138 toa

105 3147 157 3204 nni,
172 3149 235 3205 ὄιος
271 3163 310 3194 ere
326 3151 398 3208 given
409 3164 433 3198 to
444 3151 485 3198 the
497 3148 591 3210 natural
605 3148 754 3208 disposition,
768 3149 881 3208 meaning
892 3147 1010 3197 therefore

107 3206 327 3256 ‘uncontrollable.'

105 3322 111 3333 ο
132 3266 291 3316 'Alexander
307 3264 334 3312 of
346 3265 443 3324 Epirus,
460 3269 525 3322 who,
543 3267 567 3314 in
579 3266 624 3329 vthe
640 3282 697 3326 year
713 3269 754 3315 331
767 3279 829 3320 nc..
843 3266 942 3314 crossed
958 3281 1014 3314 over

104 3325 243 3428 3⁰1⁰,Jtfllp
257 3335 281 3372 to
292 3323 364 3372 assist
376 3325 416 3372 the
432 3324 576 3372 Tarentines
588 3327 681 3384 against
693 3325 734 3372 the
751 3325 896 3382 Lucaniam,
911 3325 958 3374 and
972 3325 1013 3375 fell

104 3395 154 3427 rna
180 3393 214 3428 att
570 3395 572 3400 ’

124 3441 140 3464 ²⁰
151 3437 199 3484 For
210 3455 224 3485 a
234 3439 313 3486 notice
325 3438 353 3485 of
364 3438 413 3486 this
424 3441 597 3498 construction,
611 3457 653 3490 see
667 3442 765 3502 Zumpt,
777 3441 851 3493 §590.
