2274 3844
458 249 550 291 ursus
570 249 635 291 vm.
946 235 1005 292 285

129 363 171 414 20.
191 359 295 430 Aequis
319 357 426 412 auribus
452 358 628 412 Callisthenes
649 358 732 412 veluti
754 359 853 413 vindex
882 360 1006 428 publicae

95 429 227 484 libertatis
245 428 409 482 audiebatur.
446 429 619 498 Expresserat
637 445 689 480 non
708 430 899 482 assensionem¹
917 429 1005 497 modo,

94 499 142 552 sed
166 499 252 553 etiam
271 515 373 567 vocem,
396 499 526 550 seniorum
550 499 700 567 praecipue,
721 499 818 567 quibus
840 500 928 568 gravis
951 507 1006 552 erat

93 569 235 624 inveterati
265 569 345 620 moris
370 579 477 618 externo
501 568 619 620 mutatio.
656 569 715 621 Nec
739 568 880 637 quicquam
906 585 1005 638 eorum,

93 654 164 708 quae
184 637 301 696 invicem
319 636 418 706 jactata
437 645 518 706 erant,
532 653 577 689 rex
590 637 733 705 ignorabat,
747 654 808 689 cum
827 646 886 706 pust
902 638 1005 706 aulaea,

93 725 163 778 quae
187 707 266 759 lectis
288 706 441 775 obduxerat,
463 713 551 758 staret.
588 707 668 774 Igitur
686 706 720 758 ad
741 707 809 774 Agin
830 715 857 760 et
880 707 1006 760 Cleonem

92 778 173 846 misit,
187 785 218 828 ut
237 793 357 828 sermone
374 775 446 828 finito
465 773 591 828 barbaros
609 787 720 845 tautum,
733 793 796 830 curu
808 776 937 843 intrasset,
951 792 1007 844 pro·

92 842 224 900 cumbere
243 863 289 898 suo
307 861 382 897 more
402 853 567 914 paterentur:
589 854 616 897 et
634 845 712 914 paulo
731 854 797 915 post,
813 846 889 914 quasi
908 847 1007 913 potiora

111 915 231 968 uaedam
255 916 360 982 egisset,
386 915 535 966 convivium
560 915 664 984 repetit.
707 915 795 974 Quem
818 913 1008 966 venerantibus

93 933 192 1054 Persis,
213 983 384 1053 Polypercon,
398 983 441 1052 qui
461 983 576 1035 cubabat
596 999 675 1052 super
693 1001 791 1052 regern,
810 1000 894 1036 unum
912 999 946 1034 err
964 982 1008 1035 his

93 1063 186 1106 mento
209 1055 404 1121 contingentem
426 1052 539 1105 humum
562 1069 609 1122 per
629 1053 772 1106 ludibrium
793 1054 881 1122 caepit
901 1051 1005 1120 hortari,

94 1134 121 1177 ut
137 1123 326 1175 vehementius
338 1121 364 1174 id
377 1130 498 1190 quateret
515 1121 548 1174 ad
568 1131 673 1192 terram,
687 1123 830 1192 elicuitque
849 1124 914 1174 iram
928 1122 1007 1174 Alex·

93 1193 179 1262 andri,
200 1209 280 1262 quarn
301 1191 365 1243 olim
389 1191 477 1243 animo
497 1207 593 1262 capere
616 1208 668 1244 uon
692 1202 802 1262 poterat.
839 1193 932 1260 ltaque
953 1207 1006 1258 rex,

94 1263 134 1316 Tu
154 1271 256 1328 autern,
275 1261 367 1329 inquit,
387 1278 436 1314 nou
455 1261 623 1314 veneraberis
642 1263 707 1314 mei
743 1264 785 1315 An
805 1261 853 1314 tibi
875 1262 918 1314 uni
937 1261 1007 1328 digni

94 1331 221 1384 videmur
233 1348 292 1383 esse
306 1330 436 1382 ludibriol
472 1330 528 1400 Ille,
542 1347 592 1383 nec
605 1348 694 1399 regern
708 1332 826 1400 ludibrio,
841 1347 891 1383 nec
904 1348 933 1382 se
946 1347 1007 1383 con·

95 1411 200 1470 temptu
213 1401 323 1468 dignum
343 1416 410 1470 esse,
425 1400 566 1469 respondit.
602 1401 671 1453 Tum
690 1400 838 1453 detractum
858 1417 920 1452 eum
938 1399 1008 1452 lecto

96 1487 142 1523 rex
169 1471 328 1540 praecipitat
355 1470 380 1521 in
408 1477 514 1522 terram.
552 1471 585 1522 Et
609 1487 669 1523 oum
696 1471 718 1522 is
742 1487 838 1540 pronus
860 1470 1006 1539 corruisset,

94 1540 222 1602 Videsne,
244 1538 337 1607 inquit,
357 1537 431 1590 idem
457 1548 484 1590 te
504 1538 608 1608 secisse,
627 1540 697 1608 quod
721 1541 746 1594 in
771 1540 823 1592 alio
847 1539 924 1608 paulo
946 1547 1008 1592 ante

96 1609 223 1662 ridebasl
260 1609 293 1661 Et
313 1608 379 1660 tradi
399 1624 431 1660 eo
452 1609 475 1660 in
496 1609 642 1661 custodiam
660 1609 740 1679 jusso,
753 1610 903 1662 convivium
922 1608 1007 1661 solvit.

95 1677 284 1749 Polyperconti
302 1677 410 1746 quidem
431 1686 529 1747 postea,
549 1679 676 1746 castigato
694 1679 747 1747 diu,
769 1680 885 1747 ignovit:
905 1679 930 1730 in
950 1678 1008 1730 Cal·

95 1747 230 1800 listhenen
242 1748 305 1799 olim
318 1747 500 1799 contumaciae
512 1749 676 1816 suspectum²
686 1748 870 1816 pervicacioris
881 1748 936 1800 irae
949 1747 1009 1799 fuit.

95 1818 179 1886 Cujus
192 1816 342 1885 explendae
355 1824 457 1868 matura
469 1816 577 1869 obvenit
588 1817 701 1868 occasio.

131 1893 174 1938 21.
195 1887 257 1939 Mos
269 1895 333 1954 erat,
344 1895 372 1938 ut
385 1885 575 1954 supradictum
585 1894 632 1955 est,
645 1885 726 1955 princi
748 1885 806 1943 ibus
819 1885 1007 1953 Macedonum,

95 1956 203 2008 adultos
216 1955 312 2008 liberos
325 1955 433 2023 regibus
445 1955 556 2022 tradere,
570 1955 603 2008 ad
622 1955 714 2007 munia
729 1903 803 2007 lraud
823 1955 935 2007 multum
955 1971 1008 2006 ser·

96 2026 197 2078 vilibus
220 2025 384 2078 ministeriis*
403 2025 577 2077 abhorrentia.
621 2023 794 2077 Excubabant
818 2024 930 2076 servatis
949 2039 1009 2074 noc·

97 2095 163 2148 tium
176 2094 281 2146 vicibus
292 2093 404 2163 proximi
418 2094 517 2146 loribus
535 2094 593 2162 ejus
610 2093 703 2161 aedis,⁴
715 2093 742 2145 in
755 2109 807 2162 qua
825 2109 871 2145 rerr
889 2092 1008 2160 acquies-

96 2165 185 2218 cebat.
222 2165 273 2216 Pe¹r
297 2163 345 2216 hos
367 2163 478 2233 pellices
501 2163 732 2216 introducebantur
750 2163 801 2215 alio
825 2163 906 2230 aditu,
926 2179 1007 2230 quam

96 2251 179 2304 quem
206 2234 301 2286 armati
324 2233 490 2285 obsidebant.
526 2233 611 2286 Iidem
635 2241 759 2301 acceptos
781 2232 816 2285 ab
839 2231 1010 2300 agasonibus⁵

97 2321 189 2374 equos,
203 2321 267 2355 cum
286 2319 332 2354 rex
343 2319 502 2354 ascensurus
514 2311 592 2370 esset,
605 2302 791 2370 admovebant,
805 2301 1009 2356 comitabantur-

96 2391 150 2442 que
169 2383 196 2424 et
211 2381 362 2451 venantem,
379 2380 405 2424 et
426 2371 451 2423 in
473 2371 588 2440 proeliis,
605 2371 727 2424 omuibus
745 2372 845 2425 artibus
865 2371 1010 2424 studiorum

96 2442 248 2495 liberalium
262 2441 368 2492 exculti.
396 2439 557 2510 Praecipuus
569 2441 650 2493 honor
662 2441 817 2511 habebatur,
830 2441 898 2512 quod
913 2440 1009 2499 licebat

96 2511 256 2564 sedentibus
268 2509 341 2563 vesci
353 2527 413 2562 curn
427 2527 498 2578 rege.
524 2511 677 2577 Castigandi
690 2527 736 2563 eos
747 2512 901 2564 verberibus
913 2509 1011 2562 nullius

96 2580 227 2652 potestas⁶
250 2580 382 2648 praeteri
403 2597 462 2632 sum
486 2589 550 2632 erat.
587 2581 660 2632 Haec
683 2581 777 2634 cohors
796 2581 869 2633 velut
893 2581 1008 2632 semina-

97 2651 178 2703 riunr
196 2650 296 2702 ducum
317 2597 561 2718 praeliatorumque
581 2650 652 2719 apud
676 2649 840 2702 Macedonas
859 2649 923 2700 suit:
948 2649 1010 2699 hino

127 2801 134 2824 ¹
149 2797 253 2842 ‘Assem
262 2794 278 2850 ;’
296 2793 353 2840 here
372 2792 413 2840 the
432 2802 514 2840 assent
530 2793 557 2840 of
571 2792 612 2839 the
628 2791 695 2840 mind
711 2790 883 2850 unexpressed‚
901 2790 938 2836 for
953 2790 970 2836 it
990 2790 1010 2838 is

96 2855 184 2915 placed
196 2855 220 2901 in
231 2852 359 2900 antithesis
370 2862 395 2899 to
406 2869 486 2906 vocem,
500 2853 541 2898 the
552 2851 692 2910 expression
703 2850 731 2896 of
742 2850 768 2896 it.

126 2913 259 2960 '‘Whom
273 2913 305 2959 he
322 2910 368 2958 had
385 2909 441 2970 long
452 2911 580 2969 suspected
591 2908 619 2957 ol
632 2909 705 2977 being
716 2907 861 2965 refractory.'
895 2905 976 2953 There
990 2907 1010 2954 is

97 2988 130 3020 no
142 2972 265 3030 necessity
276 2970 311 3018 for
322 2969 453 3029 supposing
470 2970 509 3016 tho
521 2969 612 3026 ellipsis
623 2966 651 3013 of
662 2968 759 3013 crimine
769 2979 795 3012 or
806 2966 897 3012 nomine
908 2965 931 3011 in
942 2965 1011 3012 order

98 3042 124 3080 to
135 3031 234 3089 explain
246 3031 286 3077 the
297 3029 401 3089 genitive
414 3030 575 3077 rontrrmuriue.
607 3026 654 3072 See
668 3025 747 3092 Grani.
761 3024 838 3078 §282
852 3035 907 3093 note
921 3029 940 3072 1.

129 3090 198 3138 ’For
209 3106 223 3137 a
234 3089 313 3136 notice
325 3087 351 3135 ol
364 3087 405 3136 the
417 3088 527 3146 question
540 3083 649 3134 whether
660 3083 708 3130 thrs
724 3099 744 3130 rs
760 3083 801 3131 the
816 3084 895 3131 dative
908 3099 934 3131 or
945 3083 1009 3130 abla-

98 3151 159 3205 tive‚
173 3164 216 3196 see
228 3157 284 3195 note
295 3146 327 3193 vi.
339 3149 361 3193 5.

128 3207 233 3262 ‘Aedes
252 3207 276 3252 in
295 3205 336 3252 the
355 3203 469 3266 singular,
489 3203 508 3250 is
527 3200 653 3262 originally
664 3201 802 3259 equivalent
818 3211 843 3250 to
853 3205 967 3256 conclave,
983 3205 1013 3248 ‘a

98 3266 257 3371 mglglfflge
269 3264 421 3344 apartment‚'
435 3263 492 3310 then
506 3267 534 3308 ‘a
544 3258 651 3320 temple!

130 3334 138 3357 ¹
192 3340 279 3371 rooms.

128 3391 137 3415 ⁸
149 3382 295 3442 Equivalent
307 3393 332 3429 to
343 3383 432 3429 nemini
439 3387 541 3443 potestur
553 3388 615 3426 erat:
635 3381 727 3428 nullior
738 3378 774 3428 sor
783 3382 893 3436 nemina,
904 3377 984 3426 which
992 3376 1013 3426 is

100 3459 176 3492 never
187 3443 254 3490 used.
287 3441 333 3488 See
346 3440 444 3499 Zumpt,
458 3437 486 3490 bl
498 3441 527 3486 88
537 3437 583 3485 and
595 3441 646 3488 676.

130 3507 138 3530 ¹
152 3500 224 3549 ‘The
235 3498 451 3560 naming-school!
