2294 3842
146 205 203 261 8⁰2
410 217 449 258 aa
472 217 579 258 casrrs
599 217 784 258 sunnam.

145 335 193 398 est,
207 327 294 381 inania
310 326 433 396 sepulcra
450 341 511 378 esse
530 341 628 394 regum,
640 341 703 378 cam
721 335 887 396 satraparum
899 326 1055 382 demussa-

146 413 204 452 rum
216 396 278 449 iude
289 407 412 465 egestum
424 411 521 466 capere
535 411 585 448 non
601 395 722 463 possiutl
758 395 836 454 Quod
846 395 882 448 ad
893 413 941 448 me
950 397 1053 466 attinet,

145 469 202 538 ipse
214 467 264 520 hoc
275 467 384 519 bustum
395 474 458 518 aute
469 481 519 518 nun
533 464 666 517 videram:
685 465 732 517 sed
745 481 780 518 ex
793 467 878 518 Dareo
896 466 934 517 ita
952 467 1052 536 accepi,

145 537 194 590 tria
205 536 280 589 milia
292 535 422 588 talentum
433 535 541 589 condita
553 549 613 586 esse
624 543 686 586 curu
698 535 775 604 Cyro.
812 535 880 588 Hinc
898 535 945 586 illa
963 535 1053 604 benig-

144 605 212 660 nitas
232 607 258 658 in
278 615 312 674 te,
334 615 370 674 at,
389 604 459 674 quod
483 603 593 672 impune
616 604 715 657 habere
738 621 789 657 non
812 613 915 674 poterat
938 606 1052 674 Orsines,

143 673 265 728 donando
283 675 364 728 etiam
381 674 492 743 gratiam
510 673 595 726 iniret.
632 674 815 727 Concitaverat
825 673 882 744 jam
894 675 1017 728 animum
1029 676 1053 728 iu

144 746 224 798 iram:
244 761 306 797 cum
319 743 353 812 hi,
366 743 462 813 quibus
477 743 613 812 negotium
631 742 704 796 idem
721 743 839 812 dederat,
853 746 1052 813 superveniunt.

144 813 211 866 Hinc
223 815 332 882 Bagoas,
347 813 407 866 hinc
417 813 453 866 ab
464 829 496 865 eo
509 812 651 882 sabomati,
666 812 740 866 salsis
754 813 911 866 criminibus
922 813 1053 885 occupant

142 899 229 937 aures.
266 887 416 953 Antequam
427 882 546 935 accusari
558 899 588 935 se
600 883 777 951 auspicaretur
785 883 900 952 Orsines,
910 883 937 935 in
946 882 1053 936 vincula

142 962 184 1006 est
204 954 323 1007 traditus.
357 953 417 1005 Nou
437 960 577 1004 contentus
600 951 729 1020 supplicio
749 952 859 1004 insontis
880 952 971 1022 spado,
994 953 1052 1022 ipae

143 1025 266 1078 morituro
284 1039 391 1076 manum
412 1020 511 1090 injecit.
546 1021 634 1078 Quem
646 1021 753 1076 Orsines
768 1021 881 1091 intuens,
895 1021 1051 1090 Audieram,

143 1093 233 1162 iuquit,
247 1091 273 1145 iu
291 1091 356 1144 Asia
372 1090 436 1143 olim
454 1106 578 1158 regnasse
596 1089 717 1161 laminas,
737 1092 788 1144 hoo
803 1107 866 1142 veru
883 1107 983 1144 novum
1002 1101 1050 1162 est,

144 1177 253 1230 regnare
272 1159 432 1214 castratum!
471 1159 521 1212 Hic
539 1158 590 1214 fuit
612 1161 699 1214 exitus
720 1160 878 1214 nobilissimi
902 1161 1050 1230 Persarum,

142 1247 193 1284 nec
204 1233 313 1284 insontia
324 1231 410 1300 morlo,
420 1229 468 1282 sed
480 1229 596 1282 eximiae
607 1245 713 1300 quoque
724 1229 898 1298 benignitatis
910 1231 937 1284 iu
949 1247 1052 1300 regem.

143 1301 247 1354 Eodem
270 1309 389 1370 tempore
411 1298 577 1367 Phradates,¹
600 1316 710 1368 regnum
735 1299 877 1352 affectasse
901 1309 1051 1369 suspectus,

141 1369 277 1423 occiditur.
313 1371 442 1438 Coeperat
458 1385 517 1422 esse
530 1384 658 1439 praesepe
668 1369 702 1422 ad
715 1369 940 1439 repraesentanda
951 1371 1051 1439 suppli·

141 1438 191 1510 cia,
205 1441 269 1492 item
281 1439 315 1492 ad
327 1438 458 1491 deteriora
469 1437 611 1492 credenda.
641 1438 746 1492 Scilicet
758 1455 801 1492 res
812 1439 948 1492 metandae
960 1441 1051 1494 valent

141 1518 305 1562 commutare
316 1516 446 1577 naturam,
459 1517 487 1560 et
505 1525 562 1561 raro
579 1509 723 1578 quisquam
740 1525 804 1577 erga
821 1508 891 1561 bcua
910 1509 969 1562 sna2
986 1511 1053 1564 satis

140 1586 235 1630 cautus
252 1587 301 1630 est.
337 1577 412 1631 idem
430 1579 503 1630 enim
521 1577 599 1647 paulo
617 1589 679 1630 ante
697 1579 847 1647 Lyncesten
866 1577 1052 1632 Alexandrum

140 1645 257 1699 delatum
276 1663 293 1699 a
309 1647 413 1700 duobus
430 1647 562 1700 iudicibus
577 1647 704 1700 damnare
717 1664 769 1700 non
781 1646 950 1716 sustinuerat,
964 1649 1051 1701 humi-

140 1715 218 1768 liares
228 1731 333 1786 quoque
346 1733 404 1769 reos
414 1726 504 1770 contra
518 1734 595 1770 suam
608 1717 777 1786 voluntatem,
790 1718 853 1786 quia
865 1719 964 1770 ceteris
976 1717 1051 1770 vide·

140 1784 235 1838 bantur
253 1787 375 1855 insontes,
389 1803 484 1855 passus
500 1785 618 1855 absolvi,
637 1787 756 1840 hostibus
767 1787 845 1838 victis
863 1803 944 1855 regua
963 1787 1051 1840 reddi·
1077 1805 1079 1809 ·

139 1854 228 1908 derat:
241 1855 275 1909 ad
289 1856 412 1909 ultimum
426 1873 486 1909 vero
498 1855 535 1908 ita
547 1865 604 1909 tum
616 1856 651 1909 ab
663 1856 806 1926 semetipso
817 1855 998 1925 degenerauit,
1011 1866 1050 1926 ut,

139 1924 256 1978 invictus
273 1925 407 1996 qnondam
425 1925 553 1978 adversus
577 1925 714 1979 libidinem
732 1925 822 1992 animi,
842 1925 951 1978 arbitrio
972 1927 1050 1979 scorti

138 1993 197 2046 aliis
209 2011 290 2064 regna
301 1996 382 2065 daret,
394 1995 456 2050 aliis
466 1995 598 2048 adimeret
609 1995 701 2048 vitam.

173 2069 198 2117 6.
218 2065 318 2118 lisdem
330 2065 386 2117 lere
398 2065 494 2119 diebus
506 2064 608 2119 litteras
618 2064 714 2134 accipit
726 2063 761 2116 de
773 2063 853 2117 rebus
864 2064 890 2116 in
904 2065 1011 2134 Europa
1023 2075 1050 2118 et

138 2135 203 2186 Asia
221 2135 310 2204 gestia,
332 2134 397 2187 dum
417 2135 475 2204 ipse
499 2133 604 2187 indiam
626 2133 739 2202 subegit.
777 2134 895 2203 Zopyrio,
917 2135 1050 2188 Thraciae

158 2205 309 2272 raepositus,
322 2221 385 2256 cum
401 2203 600 2273 expeditionem
618 2204 644 2256 in
656 2205 748 2256 Getas³
759 2203 867 2270 iaceret,
882 2205 1049 2272 tempestati·

175 2289 188 2324 s
206 2273 381 2343 procellisque
400 2275 486 2327 subito
504 2273 606 2342 coortis,
619 2289 681 2326 cunr
700 2281 752 2325 toto
770 2273 889 2326 exercitu
905 2289 1050 2342 oppressus

136 2349 200 2394 erat.
237 2342 296 2401 Qua
308 2344 412 2409 cognita
424 2343 508 2412 clade,
521 2343 634 2396 Seuthes
645 2342 771 2412 Odrysas⁴
782 2341 923 2412 populares
940 2359 1004 2396 suos
1014 2343 1049 2396 ad

137 2409 317 2464 desectionem
334 2411 505 2480 compulerat.
542 2412 651 2466 Amissa
669 2413 859 2482 propemodum
877 2411 1002 2482 Thracia,
1015 2429 1050 2466 ue

136 2480 249 2532 Graecia
260 2480 370 2550 quidem
388 2483 406 2516 ὓ
425 2482 443 2516 ¹¹*
461 2482 479 2516 ¹¹*

394 2632 557 2669 rautnsnsan
574 2635 778 2671 summatenus.

136 2721 289 2782 [tumultibus
298 2721 444 2770 inconcussa
451 2721 550 2768 mansit.
567 2721 632 2768 Nam
642 2721 789 2780 Alexander,
798 2721 883 2784 punita
892 2729 1049 2786 satraparum

135 2787 286 2848 quorundam
304 2787 441 2845 insolentia,
453 2802 534 2848 quarn,
546 2785 604 2834 dum
616 2787 642 2834 in
653 2793 762 2836 extremo
772 2789 827 2836 orbe
840 2786 959 2836 Indorum
971 2789 1049 2838 armis

135 2851 259 2912 attinetur,
271 2869 313 2916 per
330 2869 428 2902 summa
444 2852 538 2900 scelera
554 2858 627 2914 atquc
644 2851 740 2916 flagitia
757 2853 784 2901 iu
801 2852 964 2914 provinciales
981 2871 1049 2904 exer-

136 2925 243 2976 cuerant,
252 2925 388 2968 ceterorum
400 2921 494 2966 metum
505 2917 656 2966 intenderat:
668 2917 710 2980 qui
721 2918 748 2966 iu
759 2919 859 2980 paribus
870 2919 969 2968 delictis
981 2921 1049 2968 idem

135 2983 297 3032 admissorum
318 2984 454 3045 praemium
475 2989 639 3044 expectantes,
660 2983 686 3030 in
706 2984 914 3035 mercenariorum
938 2985 1049 3034 militum

161 3172 171 3196 ²
182 3108 344 3227 §gegahhlh'thhs
355 3167 418 3226 good
428 3166 523 3216 fortune
531 3167 546 3224 ς’
558 3175 608 3223 not,
620 3181 646 3216 as
657 3166 737 3224 usual,
752 3168 860 3228 ‘against
871 3168 910 3216 his
921 3183 979 3218 own
990 3186 1045 3230 pro·

212 3225 218 3248 t

133 3236 235 3333 peptphe
248 3284 325 3332 Getae
337 3299 400 3332 were
416 3301 447 3332 an
462 3285 623 3344 independent
639 3285 729 3334 branch
745 3285 773 3334 of
784 3285 825 3334 the
840 3297 908 3346 great
919 3287 1046 3338 Thracian

132 3358 195 3398 racc,
208 3341 323 3401 duelling
338 3351 363 3388 to
379 3343 420 3390 the
436 3343 506 3392 north
523 3345 551 3392 of
562 3344 603 3394 the
614 3345 724 3394 Haemus
739 3347 885 3403 mortmaine,
899 3347 947 3398 aud
958 3363 991 3397 ou
1002 3349 1046 3398 the

131 3401 195 3447 river
206 3398 270 3447 Ister
280 3400 407 3456 (Danube).

159 3462 168 3484 ⁴
178 3459 202 3503 A
214 3458 336 3508 Thracian
346 3460 415 3508 tribe.
