2294 3842
496 194 588 239 araas
608 197 650 238 11.
971 181 1027 242 2⁷1

116 317 220 374 perque
231 311 260 358 et
275 319 339 356 mea
355 303 382 356 in
395 319 441 358 vos
459 312 486 356 st
503 305 528 356 in
547 321 592 358 rne
605 315 693 361 vestra
710 306 810 376 marita,
824 304 922 376 quibus
939 306 1031 377 invicti

116 374 314 440 contendimus,
327 389 371 425 oro
383 389 541 442 quaesoque,
555 391 589 426 rra
601 373 777 428 humanarum
796 392 883 430 rarum
906 375 1033 430 terminos

117 443 268 496 adeuntem
292 442 430 496 alumnum
456 442 719 513 commilitonemque
739 452 864 514 vestrum,
884 462 918 498 ne
942 445 1030 498 dicam

116 529 221 582 regem,
239 513 378 564 deseratis.
415 513 509 566 Cetera
529 512 604 566 vobis
624 513 768 584 imperavi,
787 513 837 566 hoa
856 531 938 568 unum
958 513 1030 568 debi-

117 592 194 636 turus
205 583 286 635 sum.¹
323 582 391 636 Etis
404 598 450 634 vos
462 598 531 650 rogo,
544 583 589 651 qui
602 583 667 636 nihil
679 600 797 654 uuquam
810 583 885 638 vobis
897 585 1029 654 praecepi,

116 653 184 722 quin
202 653 306 720 primus
317 669 362 704 me
374 651 498 720 periculis
509 651 670 722 obtulerim,2
681 655 726 722 qui
743 669 824 773 saepe
842 653 929 706 aciem
946 653 979 706 eli

117 739 181 776 meo
194 722 257 790 texi,
271 737 305 772 ne
317 721 477 788 infregeritis
488 721 514 774 in
527 721 651 776 manibus
670 722 738 776 meis
756 739 790 792 pa
802 739 882 791 nram,
895 739 948 792 qua
993 741 1030 776 er·

117 791 212 844 colem
242 790 423 860 Liberumque
447 791 562 860 Patrem,
587 791 609 844 si
632 791 731 845 invidia
755 790 879 862 abluerit,
903 793 1030 860 aequabo.

119 861 189 914 Date
213 860 263 914 hoc
288 860 409 928 precibus
432 861 508 929 meis,
529 869 557 912 et
580 860 689 914 tandem
711 861 872 915 obstinatum
896 860 1031 916 silentium

118 930 245 999 rumpite.
281 929 333 982 Ubi
351 938 392 982 est
410 929 455 983 ille
473 929 579 999 clamor,
593 930 737 984 alacritatis
747 939 852 984 vestrae
866 929 970 982 indexl
987 931 1032 984 ubi

118 1000 168 1052 ille
185 1015 306 1052 meorum
319 999 498 1052 Macedonum
512 998 619 1052 vultusl
654 1001 715 1054 Non
732 1016 845 1068 agnosco
858 1016 904 1052 vos
925 998 1031 1069 milites,

118 1085 173 1122 nec
190 1068 299 1136 agnosci
313 1068 402 1121 videor
414 1085 430 1120 a
441 1068 525 1122 vobis.
561 1068 658 1122 Surdas
673 1069 833 1140 jamdudum
845 1086 924 1123 aures
941 1067 1031 1138 pulso:

119 1154 231 1190 aversos
242 1139 346 1191 animos
357 1147 384 1190 et
396 1137 519 1190 infractos
531 1139 645 1192 excitare
657 1155 743 1192 conor.
1020 1175 1022 1180 -

160 1215 201 1260 11.
219 1208 341 1276 Cumque
352 1207 391 1260 illi
405 1208 539 1260 interram
553 1207 676 1263 demissis
688 1207 819 1278 capitibus
836 1215 926 1262 tacere
945 1223 1032 1277 perse-

119 1285 253 1345 verarent,
265 1277 291 1330 N
293 1277 363 1330 escio
376 1277 448 1347 quid,
462 1275 554 1398 inquit,
567 1278 594 1332 in
607 1294 653 1331 vos
670 1277 825 1348 imprudens
843 1277 950 1346 deliqui,
963 1279 1032 1346 quod

120 1363 167 1400 ma
180 1363 214 1399 ne
227 1346 322 1398 intueri
334 1347 444 1415 quidem
458 1363 492 1398 vu
503 1346 543 1399 tis.
580 1347 610 1400 ln
629 1347 769 1401 solitudine
782 1346 848 1402 mihi
860 1347 951 1400 videor
963 1361 1032 1398 essa.

120 1417 211 1470 Nemo
225 1415 372 1485 respondet,
385 1433 464 1468 nemo
484 1415 581 1468 saltem
600 1426 688 1486 negat.
724 1417 796 1476 Quos
813 1415 951 1486 alloquor?
969 1415 1033 1484 quid

118 1494 215 1538 autern
239 1485 359 1553 postulat
396 1486 517 1538 Vestram
537 1485 646 1553 gloriam
670 1496 696 1539 et
720 1486 932 1555 magnitudinem
950 1483 1032 1548 vindi

117 1555 239 1608 camus.³
272 1554 325 1608 Ubi
349 1565 410 1608 sunt
434 1554 479 1622 illi,
501 1571 611 1624 quorum
636 1565 772 1610 certamen
796 1556 873 1625 paulo
896 1563 958 1608 ante
978 1553 1033 1606 vidi

118 1624 350 1694 contendentium,
363 1624 408 1692 qui
428 1623 595 1693 potissimum
612 1625 741 1678 vulnerati
762 1626 830 1694 regis
849 1642 944 1694 corpus
964 1621 1032 1676 exci-

120 1703 217 1764 pererit
226 1693 248 1746 l*
273 1695 402 1762 desertus,
428 1693 571 1748 destitutus
594 1711 662 1762 sum,
688 1694 809 1750 hostibus
831 1694 944 1748 deditus.
982 1692 1033 1746 Sed

119 1763 196 1815 solus
207 1779 312 1831 quoque
324 1763 362 1816 ire
375 1763 557 1831 perseverabo.
593 1763 707 1832 Objicite
727 1781 770 1816 ma
783 1763 937 1824 fluminibus
949 1771 975 1816 et
987 1761 1032 1815 be-

121 1832 175 1885 luis
187 1842 215 1884 et
227 1833 280 1884 illis
291 1832 421 1900 gentibus,
431 1849 541 1900 quarum
556 1834 662 1885 nomina
675 1833 792 1884 horretis.
829 1833 973 1900 Inveniam,
987 1831 1032 1899 qni

119 1902 259 1954 desertum
282 1919 298 1953 a
322 1900 396 1954 vobis
419 1905 590 1970 sequantur:⁵
613 1901 727 1971 Scythae
751 1901 934 1970 Bactrianique
957 1909 1032 1952 eruut

119 1988 241 2038 mecum,
255 1971 345 2024 hostes
356 1969 434 2040 paulo
451 1980 520 2039 ante,
536 1989 605 2024 nunc
625 1971 724 2024 milites
744 1970 831 2024 nostri.
868 1970 937 2023 Mori
958 1985 1032 2038 prae·

119 2049 183 2108 stat,
196 2057 276 2109 quarn
290 2039 417 2110 precari0⁶
429 2040 615 2109 imperatorem
633 2057 702 2092 esse.
738 2041 778 2094 Ite
797 2039 908 2092 reduces
925 2038 1032 2106 domos,

121 2110 160 2162 ite
172 2109 279 2162 deserto
291 2127 353 2178 rege
365 2119 483 2162 ovantes.
521 2111 577 2176 Ego
596 2110 641 2162 hic
660 2127 677 2162 a
689 2109 764 2163 vobis
784 2109 940 2179 desperatae
953 2108 1033 2160 victo·

121 2179 177 2232 riae
189 2187 236 2232 aut
248 2179 375 2232 honestae
388 2179 463 2232 morti
478 2179 565 2232 locum
578 2180 719 2232 inveniam.
756 2179 798 2232 Na
810 2179 849 2232 sic
861 2178 970 2248 quidem
983 2176 1030 2230 ulli

121 2248 239 2302 militum
253 2266 304 2302 vox
322 2249 433 2318 exprimi
453 2248 547 2317 potuit.
584 2249 775 2318 Expectabant,
788 2257 817 2301 ut
837 2247 920 2300 duces
939 2247 1032 2369 prinoi-

122 2333 226 2387 pesque
244 2317 280 2370 ad
300 2335 390 2386 regern
410 2317 563 2387 perferrent,
584 2318 737 2372 vulneribus
756 2326 782 2371 et
803 2319 924 2371 continuo
953 2317 1032 2370 abore

121 2387 233 2440 militiae
257 2387 381 2454 fatigatos
400 2405 450 2439 non
472 2387 618 2440 detrectare
638 2389 748 2454 munia,⁷
765 2387 812 2440 sed
833 2387 963 2440 sustinere
981 2403 1032 2439 non

140 2471 211 2510 csse.
248 2457 369 2510 Ceterum
388 2456 426 2509 illi
438 2466 512 2510 rnetu
530 2458 632 2511 attoniti
652 2459 677 2511 in
698 2467 793 2511 terram
814 2474 858 2510 ora
876 2457 1031 2510 defixerant.

122 2473 205 2594 fgitur
231 2526 315 2596 primo
341 2525 473 2578 fremitus⁸
492 2545 541 2580 sua
560 2537 659 2598 sponte,
678 2528 775 2580 deinde
793 2528 909 2595 gemitus
926 2541 1031 2596 quoque

121 2648 298 2707 consequently
310 2648 361 2695 that
372 2656 387 2694 a
397 2651 478 2710 copula
494 2647 514 2696 is
531 2664 675 2708 necessary;
694 2650 737 2696 but
754 2647 795 2694 the
812 2663 851 2694 uos
869 2647 890 2693 is
906 2646 930 2692 in
946 2645 1031 2705 reality

120 2707 245 2769 governed
260 2709 293 2766 by
304 2725 343 2755 oro
358 2723 495 2768 quaesoque,
514 2708 560 2756 and
577 2709 617 2755 the
635 2707 797 2755 construction
815 2705 842 2752 of
855 2705 896 2752 tha
912 2703 993 2751 clause
1009 2705 1030 2753 is

121 2765 253 2823 therefore,
277 2766 325 2814 Oro
345 2781 474 2828 quaesoque
492 2783 531 2814 oos
547 2784 591 2828 per
608 2776 709 2815 oestrum
724 2766 831 2827 gloriam.
864 2763 910 2810 See
930 2762 1028 2822 Zumpt,

120 2826 134 2878 ᾖ
147 2829 235 2955 I<gallor
245 2884 293 2933 this
305 2899 350 2932 one
362 2883 430 2946 thing
441 2884 453 2932 1
464 2883 526 2932 shall
538 2899 590 2932 owe
607 2899 655 2944 you
670 2881 778 2937 thanlrs,'
791 2881 857 2928 since
874 2895 922 2940 you
933 2879 984 2928 will
999 2881 1029 2929 be

119 2945 176 2994 dom
206 2943 371 2993 meafavour.

148 3007 158 3034 ²
169 3009 175 3030 ‘
214 3003 291 3051 ithout
303 3001 376 3062 being
386 3002 427 3050 tlre
438 3002 490 3052 first
502 3013 527 3052 to
537 3017 627 3062 exposa
638 2999 729 3061 mysalf
741 3008 766 3048 to
777 2998 818 3048 the
829 2997 948 3060 daugma!
982 2998 1028 3046 See

121 3063 205 3112 Grata.
217 3063 231 3114 l
242 3066 294 3118 352,
308 3071 364 3108 note
375 3064 398 3109 4.

148 3127 158 3150 ⁵
173 3121 231 3170 ‘We
240 3121 300 3177 (that
312 3121 341 3177 is,
353 3119 365 3168 I
375 3121 422 3169 arrd
432 3121 501 3168 those
512 3118 672 3168 like-minded
681 3118 741 3166 with
750 3117 898 3172 metresolvc
906 3114 1027 3166 tosffect!

147 3185 223 3234 ‘The
233 3195 301 3244 story
312 3185 333 3232 is
344 3194 369 3232 to
380 3184 495 3241 haloand
506 3185 532 3231 in
543 3184 583 3232 vii.
595 3188 630 3232 25.

149 3249 215 3296 'For
225 3247 274 3296 this
285 3248 448 3308 subjunctive,
461 3262 502 3295 see
516 3245 595 3295 Grnm.
608 3245 621 3298 l
632 3249 683 3302 360,
697 3251 719 3294 4.

147 3315 210 3362 ‘An
220 3313 320 3370 adverb,
335 3313 383 3374 ‘by
394 3327 477 3362 means
488 3311 516 3359 ol
528 3311 668 3360 intreaties.’

147 3383 156 3407 ’
166 3377 229 3426 ‘Did
240 3387 282 3425 not
293 3375 374 3426 rasuae
386 3387 411 3424 to
422 3376 536 3426 continue
546 3375 609 3424 their
619 3376 728 3424 service!

147 3439 287 3490 'Fremitus
304 3441 325 3488 is
344 3445 373 3488 ‘a
388 3438 503 3488 confused
521 3438 632 3502 talking,’
650 3439 722 3488 when
737 3453 810 3500 many
825 3436 901 3499 speak
917 3445 941 3486 at
957 3453 1025 3498 once,
