2278 3846
119 181 175 237 tat
382 191 422 232 nr
445 191 553 232 aseris
575 190 758 232 snaxmntu.

113 303 231 375 regebat,
254 310 284 356 ut
307 301 387 374 primi
413 301 537 372 conjungi
565 301 666 356 ultimis
693 311 810 372 possent.
829 301 914 356 ‘CCC
938 301 1026 357 stadia

114 380 303 447 processerant,
316 387 379 426 curu
396 373 509 424 occurrit
528 370 695 441 Brncubelus,
711 371 817 424 Mazaei
835 371 916 442 filius,
934 371 1025 441 Syriae

114 444 249 516 quondam
287 449 381 495 raetor.
416 442 443 494 ls
480 457 567 512 noque
587 441 723 510 transfuga
742 441 1029 510 nuntiabat,·Bessum·

115 514 186 570 baud
206 459 323 582 amplius
342 527 424 582 quam
443 458 486 590 ὦ
503 511 590 564 stadia
609 511 717 591 abessa
752 511 914 590 Enercitum,
935 521 1028 582 utpote

114 584 160 654 qui
185 582 252 636 nihil
275 589 453 651 praecaveret,
479 590 684 660 incomposrtum
710 582 944 650 inordinatumque
971 597 1026 660 pro·

115 653 221 707 cedere.
255 651 417 722 Hyrcaniam
440 650 525 703 videri
553 658 689 719 petituros.
725 650 752 703 si
776 649 916 704 festinaret
941 667 1025 720 sequi,

114 723 236 794 palantes
259 722 500 791 superventumm.¹
535 721 652 772 Dareum
672 718 760 773 adhuc
778 719 879 773 vivere.
915 720 1028 774 Strenuo

114 791 229 862 alioquin
247 791 422 860 cupiditatem
439 789 620 860 consequendi
644 789 778 858 transfuga
800 789 940 858 injecerat.
978 790 1028 842 lta-

114 879 166 933 que
185 861 334 916 calcaribus
345 859 465 928 subditis,
479 857 564 912 effuso
576 875 655 912 eursu
668 868 740 912 eunt.
775 859 891 929 Jamque
904 859 1028 912 fremitus
1079 861 1082 863 ’

115 931 231 986 bostium
254 932 304 984 iter
327 929 531 999 ingredientium
555 929 747 982 exaudiebatur
753 945 761 998 3
785 929 832 982 sed
856 939 1029 998 prospectum

114 1002 253 1056 ademerat
272 1000 391 1081 pulveris
409 998 503 1052 nubes.
540 999 677 1068 Paulisper
695 1015 757 1068 ergo
777 998 890 1053 inhibuit
909 1003 1027 1070 cursum,

114 1071 200 1125 donec
211 1070 359 1124 consideret
371 1069 467 1140 pulvis.
502 1068 617 1138 Jamque
629 1068 765 1138 conspecti
776 1085 793 1122 a
804 1068 925 1122 barbaris
943 1077 1027 1136 erant,

115 1150 143 1194 et
161 1141 318 1195 abeuntium
335 1155 433 1208 agmen
443 1155 507 1191 cons
542 1145 641 1208 nerant,
654 1155 823 1219 nequaquam
835 1137 917 1192 futuri
929 1139 1030 1208 pares,¹

114 1211 138 1265 si
161 1212 243 1266 Besso
268 1219 372 1263 tanturn
395 1209 477 1262 animi
513 1207 596 1262 uisset
617 1207 654 1261 ad
679 1207 818 1280 proelium,
837 1216 968 1278 quantum
992 1208 1028 1262 ad

163 1281 286 1334 rioidium
310 1279 405 1332 luerat.
440 1279 565 1347 Namque
591 1285 618 1331 et
644 1293 755 1331 nurnero
779 1277 884 1332 barbari
909 1285 1028 1348 praesta-

114 1295 186 1419 ἔζη,
205 1359 232 1402 et
251 1349 356 1402 robore:
374 1347 409 1401 ad
428 1346 479 1400 hoc
496 1347 589 1400 refecti
607 1364 671 1401 oum
687 1347 803 1416 fatigatis
820 1356 957 1401 certamen
976 1348 1028 1402 ini·

115 1420 165 1474 turi
189 1427 272 1472 erant.
308 1417 361 1471 Sed
383 1433 481 1470 nomen
501 1417 654 1488 Alexandri,
676 1425 703 1470 et
721 1417 802 1489 lama,
823 1418 975 1471 maximum
999 1419 1027 1470 in

114 1488 185 1542 bello
197 1489 288 1558 utique
300 1494 474 1555 momentum,
487 1487 599 1556 pavidos
611 1487 638 1540 in
649 1486 743 1556 fugam
755 1488 858 1549 avertit.

149 1563 191 1610 37.
211 1557 309 1610 bessus
318 1571 382 1608 vero
394 1565 422 1612 et
439 1557 521 1609 ceteri
538 1556 662 1610 facinoris
678 1557 738 1627 ejus
754 1557 903 1628 participes,
917 1557 1028 1612 vehicu·

113 1626 172 1682 lum
193 1625 273 1680 Darei
296 1627 419 1696 assecuti,
444 1635 588 1696 coeperunt
612 1625 708 1680 hortari
730 1643 801 1698 eum,
824 1627 1029 1680 conscenderes

114 1713 220 1766 equum,
240 1704 267 1749 et
286 1711 315 1748 se
333 1695 402 1750 hosti
420 1697 485 1766 luga
503 1697 624 1766 eriperet.
661 1696 709 1750 llle
729 1696 794 1750 deos
812 1697 911 1750 ultores
930 1699 1026 1750 adesse

112 1775 231 1836 testatur,
252 1774 279 1818 et
297 1765 443 1820 Alexandri
461 1766 543 1820 tidem
564 1765 706 1836 implorans
726 1773 812 1837 negat,
832 1783 862 1819 se
882 1766 1027 1837 parricidas

113 1835 182 1890 velle
196 1835 324 1890 comitari.
360 1837 430 1890 'l'um
443 1853 504 1889 vero
517 1837 555 1889 ira
567 1851 673 1906 quoque
685 1838 800 1908 accensi,
812 1837 868 1890 tela
880 1837 1028 1908 conjiciunt

113 1907 140 1959 in
159 1923 258 1976 regem,
277 1907 420 1978 multisque
441 1907 593 1960 confossum
610 1905 764 1960 vulneribus
783 1907 944 1978 relinquunt.
981 1909 1025 1961 Ju-
1115 1953 1117 1966 .

112 1988 204 2030 menta
227 1993 340 2058 quoque,
360 1995 393 2058 ne
417 1976 521 2045 longius
547 1977 668 2046 prosequi
692 1985 805 2046 possent,
826 1977 1024 2048 convulnerant,
1115 1975 1117 1982 ⁴

111 2046 215 2100 duobus
232 2063 323 2116 serris,
343 2063 387 2116 qur
406 2061 498 2116 regem
515 2045 717 2116 comitabantur,
736 2046 840 2100 occisis.
876 2047 934 2100 Hoc
953 2047 1025 2100 edito

112 2115 236 2184 facinore,
255 2124 285 2169 ut
302 2115 416 2184 vestigia
441 2116 521 2184 fugae
547 2125 707 2184 spargerent,
726 2117 899 2170 Nabarzanes
926 2117 1025 2188 Hyrca·
1115 2123 1117 2158 t

111 2187 191 2254 niam',
205 2185 303 2238 Bessus
315 2185 416 2253 Baetra,
429 2187 522 2255 paucis
534 2187 655 2254 equitum
668 2186 863 2256 comitantibus,
878 2189 1022 2258 petebant:
1115 2227 1117 2256 ,

112 2253 224 2322 barbari,
243 2253 358 2308 ducibus
374 2255 513 2325 destituti,⁴
530 2273 584 2324 qua
602 2272 737 2325 quemque
755 2264 801 2311 aut
819 2273 880 2326 spes
897 2253 1039 2325 ducebat,
1116 2289 1117 2304 r

111 2331 156 2376 aut
175 2339 263 2391 pavor,
282 2323 494 2392 dissipabantur:
513 2325 538 2378 D
556 2333 659 2378 tantum
677 2325 782 2396 equites
798 2335 1024 2396 congregaverant
1116 2341 1117 2344 ’

111 2409 150 2458 se,
169 2392 263 2444 incerti
281 2391 377 2462 adbuc,
398 2393 522 2446 resistere
542 2391 638 2446 melius
657 2405 737 2466 esset,
749 2413 784 2450 an
804 2395 906 2466 sugere.
944 2397 1023 2452 Alex·

110 2459 201 2530 ander,
214 2460 329 2515 hostiurn
342 2469 382 2514 tra
402 2461 517 2516 idatione
534 2473 678 2534 comperta,
691 2467 850 2523 Nimnorem
868 2483 933 2520 cum
951 2468 1023 2538 equi·

111 2541 168 2586 tum
186 2540 259 2602 parte
275 2531 311 2584 ad
328 2530 385 2585 iuhi
423 2532 504 2586 ndam
520 2532 613 2602 lugam
631 2535 745 2588 amittit:
769 2534 827 2605 ipse
843 2552 907 2589 oum
925 2536 1023 2590 ceteris

111 2604 237 2672 sequitur.
274 2601 311 2654 lll
324 2599 408 2654 ferme
426 2601 500 2656 milia
519 2601 669 2660 resistentia
686 2606 776 2658 occisa
793 2614 871 2675 eunt;
887 2607 1023 2676 reliquunt
1116 2629 1117 2674 l

109 2686 208 2742 agmen
227 2671 361 2742 pecudum
382 2673 468 2726 more⁵
479 2673 609 2728 intactum
628 2673 765 2744 agebatur,
780 2673 890 2745 jubente
911 2693 981 2746 rege,
994 2683 1023 2730 ut
1116 2699 1117 2704 ¹

110 2743 238 2797 caedibus
260 2742 446 2796 abstineretur.
489 2743 577 2796 Nemo
599 2744 763 2814 captiuorum
791 2753 856 2814 erat,
881 2747 927 2816 qui
950 2763 1029 2801 mon.

139 2853 313 2923 ¹Saperuenire
322 2871 426 2926 gonorus
443 2854 521 2941 either
536 2855 577 2903 the
589 2855 669 2904 dative
680 2871 707 2904 or
718 2858 870 2925 accusative3
888 2859 930 2928 the
941 2860 1022 2930 dative

109 2914 1022 3058 tezttltltllsetttttltnettellllt¹tttttatltttlss¹tt

109 3031 244 3150 Wltttlzl¹bd⁰y
254 3047 388 3160 dltlddlrdsdibt
399 3092 461 3141 hara
473 3095 536 3141 been
546 3101 570 3162 at
579 3091 614 3140 ull
624 3107 639 3141 a
649 3093 731 3141 match
738 3093 783 3162 glor
797 3094 839 3142 the
857 3095 981 3155 Parsiana,
994 3096 1020 3156 il,¹

109 3148 158 3218 dae.
191 3149 245 3197 The
257 3151 369 3209 epodosrs
378 3151 405 3200 ol
413 3169 427 3200 u
438 3152 603 3212 hypothetical
611 3161 726 3202 sentence
737 3169 758 3202 rs
769 3154 867 3216 implied
878 3156 903 3204 in
914 3157 955 3206 the
967 3171 1019 3218 par·

108 3206 309 3318 tlc'udddondteteerlz
310 3219 388 3315 ¹1¹}le
400 3211 479 3318 dedda}
492 3221 562 3322 3332
583 3280 640 3319 note
653 3275 663 3320 l

93 3321 95 3325 ’
117 3323 119 3329 '
137 3304 445 3408 0uqu'iralent‘roprivatt,
459 3307 731 3388 ‘deprivdd,'·‘bereft.'
747 3343 750 3352 ’
766 3345 768 3350 ·

138 3385 233 3433 ¹⁴Lrlre
242 3385 339 3446 *sheep;
368 3385 406 3433 sor
418 3385 491 3434 these
505 3401 545 3436 are
561 3389 701 3452 commonly
716 3389 868 3442 understood
882 3393 960 3444 under
974 3393 1022 3445 tlte

59 3492 64 3502 ,
108 3447 285 3504 termpecudes.
