2278 3846
153 203 208 258 tao
417 211 457 252 oe
481 211 588 252 casura
610 209 795 250 lauzanum.

151 325 315 381 infestiorem
332 321 425 376 urbem
443 319 553 374 Graecis
571 335 640 388 esse,
652 334 734 388 quarn
748 317 846 386 regiam
858 325 983 368 veterum
1003 314 1062 368 Pet·

152 396 215 448 sidis
245 409 345 460 regum.
392 389 459 442 Hinc
489 389 534 440 illa
562 387 695 439 immensa
720 387 828 454 agmina
857 383 974 438 inlusa:¹
1002 383 1063 436 hinc

152 467 265 518 Dareum
284 462 364 531 prius,
383 460 445 512 dein
462 459 577 512 Xerxem
598 458 719 525 Europae
738 457 850 524 impium
868 453 991 507 intulisse
1009 453 1063 506 bel-

152 533 216 586 lum.
253 529 364 584 Excidio
377 528 446 582 illius
463 525 667 597 parentandum²
678 541 738 578 esse
756 523 911 594 majoribus.
947 525 1063 592 Jamque
1136 591 1137 594 Ἴ

152 600 262 668 barbari,
282 599 386 651 deserto
403 597 507 668 oppido,
525 611 731 664 quaquumque
748 604 837 648 metus
859 593 965 662 agebat,
986 592 1063 648 diffir-
1136 603 1137 638 1

153 678 259 739 gerant:
279 685 341 721 curn
353 683 399 720 rex
412 667 572 736 phalangem
584 665 651 716 nihil
663 671 802 716 cunctatus
815 662 925 715 inducit.
962 663 1065 716 Multas
1136 687 1137 738 p

153 739 240 806 urbes,
253 737 364 790 refertas
382 735 516 806 opulentia
534 733 613 802 regia,
628 734 721 811 partim
741 742 947 801 expugnaverat,
961 741 1064 801 partem
1136 739 1137 802 ᾖ

155 810 180 862 in
194 807 274 860 fidem
286 815 434 875 acceperat,
448 805 494 856 sed
508 801 580 856 urbis
591 802 670 872 hujus
687 802 795 855 divitiae
807 803 895 854 vicere
913 800 1065 870 praeterita.
1136 809 1137 862 j

154 879 184 931 ln
209 877 276 928 hanc
300 876 377 927 totius
400 873 514 927 Persidis
533 889 597 941 opes
617 879 803 940 congesserant
826 869 945 924 barbari:
970 882 1065 924 aurum
1135 865 1137 938 l

155 955 346 1016 argentumque
358 941 523 996 cumulatum
535 941 704 1010 erat,‘vestis³
715 941 809 1009 ingens
826 938 930 1010 modus,
944 939 1068 1010 supellex
1136 941 1137 1010 j

157 1032 207 1069 non
225 1015 259 1066 ad
278 1029 364 1081 usurn,
384 1011 431 1065 sed
449 1011 482 1064 ad
500 1011 703 1063 ostentationem
721 1009 799 1064 luxus
816 1018 980 1078 comparata.
1018 1011 1067 1062 lta·
1136 1047 1137 1054 .

158 1101 209 1156 que
229 1084 296 1136 inter
315 1083 386 1150 ipsos
402 1081 515 1134 victores
534 1079 603 1132 lerro
623 1077 813 1133 dimicabatur:
838 1095 884 1148 pro
904 1079 982 1132 hoste
1003 1089 1067 1148 erat,

158 1155 203 1224 qui
215 1151 395 1222 pretiosiorem
410 1157 583 1218 occupaverat
601 1149 742 1218 praedam:
761 1157 788 1202 et
806 1164 869 1200 cum
886 1149 987 1216 omnia,
999 1165 1069 1218 quae

159 1221 339 1291 recipiebant,⁴
350 1234 446 1288 capere
464 1233 515 1270 non
533 1228 645 1288 possent,
658 1217 713 1288 jam
732 1234 843 1272 resnou
860 1216 1069 1286 occupabantur,

159 1291 205 1344 sed
218 1287 434 1342 aestimabantur.
469 1286 632 1340 Lacerabant
650 1287 736 1356 regias
748 1295 844 1355 vestes,
857 1285 891 1338 ad
905 1302 934 1340 se
971 1287 1070 1356 uisque

160 1370 262 1432 pertern
283 1357 431 1410 trahentes:
452 1352 567 1408 dolabris
586 1357 715 1426 pretiosae
734 1357 798 1409 artis
817 1372 881 1408 vasa
901 1303 1068 1408 caeiebaut:
1136 1379 1137 1418 r

159 1429 226 1482 nihil
246 1443 333 1495 neque
353 1425 481 1478 intactum
505 1432 567 1492 erat,
589 1441 675 1494 neque
695 1426 826 1493 integrum
846 1423 1000 1493 serebatur,
1024 1423 1070 1480 ab
1136 1421 1137 1452 ³

161 1509 237 1567 rupta
254 1495 452 1548 simulacrorum
470 1492 599 1562 membra,
612 1506 641 1546 ut
659 1494 771 1564 quisque
788 1493 923 1561 avelleret,
937 1492 1070 1548 trahebat.
1135 1457 1137 1542 l

161 1569 257 1635 Neque
279 1562 391 1616 avaritia
407 1561 500 1632 solum,
522 1560 569 1613 sed
589 1563 670 1616 etiarn
689 1563 838 1633 crudelitas,
859 1562 886 1616 in
905 1571 985 1632 capta
1005 1563 1071 1616 urhe

160 1643 277 1704 grassata
297 1641 354 1684 est:
374 1647 437 1684 auro
459 1639 621 1699 argentoque
640 1632 726 1686 onusti
745 1632 807 1685 vilia
827 1632 995 1701 captivorum
1016 1649 1071 1684 cor-
1136 1665 1137 1670 =

161 1721 224 1775 pora
244 1699 415 1771 trucidabant,
472 1701 601 1768 ssimque⁶
619 1697 688 1752 obvii
708 1700 893 1771 caedebantur,
914 1718 984 1770 quos
1006 1711 1070 1756 aute
1136 1765 1137 1768 Ἴ

162 1773 275 1844 pretium
288 1771 437 1824 suimisera
457 1768 636 1822 ileslecerat.‘
670 1769 748 1824 Multi
760 1787 821 1838 ergo
838 1769 955 1824 hostiurn
974 1788 1073 1824 rnauus
1123 1783 1137 1814 -ῑ

162 1841 307 1896 voluntaria
323 1847 407 1894 morte
426 1847 628 1908 occupaverunt,
647 1837 834 1907 pretiosissima
851 1840 967 1894 vestium
986 1839 1073 1893 induti
1136 1855 1137 1888 t

163 1929 178 1964 e
198 1912 281 1965 muris
300 1909 395 1963 semeti
415 1925 459 1962 sos
476 1925 539 1961 curn
559 1906 714 1978 conjugibus
732 1923 764 1960 ao
783 1907 872 1965 liberis
894 1909 922 1962 in
941 1909 1072 1979 prisceps

161 1981 299 2053 jacientes.
334 1927 450 2038 Quirlirrn
470 1978 553 2046 ignes,
573 1975 643 2046 quod
666 1974 744 2044 paulo
767 1985 824 2044 post
846 1975 965 2032 facturus
988 1977 1072 2032 hostis

163 2050 309 2119 videbatur,
322 2048 490 2118 subjecerant
501 2045 620 2116 aedibus,
633 2053 662 2098 ut
674 2061 736 2098 cum
749 2044 805 2097 suis
816 2045 870 2098 vivi
881 2057 1070 2103 cremarentur.

163 2121 285 2173 Tandem
304 2118 369 2171 suis⁷
387 2133 434 2170 rex
454 2115 605 2185 corporibus
624 2123 650 2167 et
669 2113 742 2167 cultu
761 2113 920 2168 seminarum
937 2117 1072 2170 abstinere

163 2190 247 2260 jussit.
283 2188 380 2255 Ingens
402 2201 433 2240 oa
453 2185 523 2238 tivae
540 2185 671 2254 pecuniae
690 2183 786 2237 modus
805 2181 921 2252 traditur,
942 2201 1024 2264 prope
1044 2195 1072 2240 ut

164 2257 247 2312 fidem
266 2254 387 2310 excedat.
461 2262 547 2312 terum
565 2264 611 2305 aut
631 2252 665 2306 de
681 2253 741 2306 aliis
754 2269 859 2323 queque
879 2251 1071 2323 dubitabimus,

164 2335 210 2380 aut
233 2324 381 2392 credemus,
402 2322 429 2376 iu
451 2323 531 2392 hujus
550 2323 624 2376 urbis
642 2324 720 2390 gaza⁸
739 2322 822 2379 luisse
841 2322 862 2376 C
882 2331 909 2374 et
929 2323 978 2376 XX
997 2324 1073 2380 mitia

165 2395 308 2448 talentum:
328 2392 361 2444 ad
381 2409 449 2460 quae
468 2391 591 2444 vehenda
611 2392 737 2462 (namque
757 2391 792 2446 ad
812 2409 876 2444 usus
893 2391 958 2446 belli
979 2409 1074 2446 seeum

165 2473 267 2534 portare
282 2461 448 2532 decreverat)
464 2460 584 2530 jumenta
601 2470 629 2514 et
645 2461 762 2514 camelos
772 2478 789 2514 a
800 2461 872 2514 Susis
889 2471 916 2514 et
935 2461 1073 2532 Babylone

194 2587 201 2608 ¹
213 2579 339 2639 Supply-in
350 2578 478 2628 Graeciam.
506 2578 643 2626 Otherwise
651 2593 688 2626 we
697 2578 784 2626 should
791 2578 852 2626 have
860 2579 978 2637 expected
991 2579 1073 2640 plura.

192 2644 202 2670 ²
212 2639 274 2688 This
282 2640 341 2687 verb
350 2639 370 2686 is
379 2638 439 2687 used
447 2648 473 2686 to
480 2653 579 2696 express
586 2637 705 2687 sacrifices
712 2635 802 2686 offered
811 2647 871 2696 toap
888 2652 944 2685 ease
951 2638 993 2686 the
1002 2638 1071 2687 dead.

194 2704 202 2728 ³
212 2698 267 2748 The
278 2697 384 2758 singular
395 2712 522 2756 expresses
533 2696 608 2754 cloth,
617 2712 712 2753 woven,
723 2697 765 2744 but
776 2706 849 2764 notrn
881 2710 894 2743 e
906 2696 957 2744 into
967 2698 1071 2756 puniea-

165 2753 1071 2876 ¹⁰2ttt'lttndtheelath}ttrithlt'lllltlr...aa.

165 2876 209 2936 tily
225 2875 360 2956 coutrastpd
376 2874 436 2922 with
450 2890 538 2937 capere,
555 2873 635 2921 which
650 2873 707 2921 here
723 2889 806 2922 means
825 2877 864 2921 ‘tc
880 2872 946 2928 talre,
959 2888 987 2924 so
1003 2889 1030 2922 aa
1046 2883 1071 2924 to

166 2934 353 3042 milleilirlioaiid
364 2992 454 3051 there3’
472 2990 524 3039 that
540 2991 569 3048 is,
581 3001 605 3038 at
621 2990 735 3040 intervuls
751 2991 906 3051 everywhere
922 2990 1070 3052 throughout

165 3051 205 3139 lh?
215 3062 330 3177 fillum,
342 3110 431 3166 before,
444 3109 506 3177 their
516 3107 586 3156 value
597 3107 645 3156 had
655 3107 724 3156 made
736 3107 864 3169 worthyol'
870 3109 937 3180 puy:
968 3107 1070 3158 ‘Before

166 3169 225 3222 (that
245 3183 274 3223 rs,
289 3167 370 3216 before
387 3169 428 3216 the
445 3167 545 3216 soldiers
563 3169 662 3215 became
677 3167 805 3226 possessed
819 3168 847 3218 ol
858 3171 951 3218 arttela
963 3167 991 3215 ol
1004 3183 1070 3218 more

167 3227 252 3282 velue),
265 3239 322 3273 rnen
337 3225 385 3274 had
399 3228 460 3274 been
475 3226 615 3275 considered
626 3226 703 3275 worth
719 3227 865 3288 something,
877 3226 924 3276 und
935 3226 983 3276 this
998 3227 1070 3275 value

166 3285 212 3334 had
223 3283 292 3333 made
303 3283 370 3332 them
380 3286 410 3332 be
420 3284 508 3353 pitied,
516 3285 562 3333 and
573 3285 746 3346 consequently
753 3286 860 3392 (operm)

195 3344 308 3402 'Avery
318 3343 660 3412 rareconstructronlorruor.
693 3345 739 3412 See
777 3362 832 3393 rear.
845 3345 1025 3402 §mamea

195 3406 203 3430 ¹
217 3401 285 3450 ‘The
296 3402 578 3456 state-treasure‚’whrch
588 3418 638 3450 was
650 3403 707 3462 kept
715 3419 739 3450 rn
748 3402 891 3464 Persepolis.
923 3403 987 3454 This
994 3403 1069 3464 eigai·

166 3457 262 3508 lieation
272 3459 300 3509 of
308 3475 369 3522 guae
380 3473 418 3508 we
428 3458 489 3506 have
500 3459 597 3520 already
608 3476 674 3516 seen.
687 3460 719 3508 iii.
731 3463 767 3511 33.
791 3484 794 3492 ·
