2294 3842
1 1173 4 1192 ·
92 1166 211 1210 vestram
224 1155 321 1209 virtute
340 1153 467 1208 meruisse
486 1170 529 1206 me
547 1169 574 1222 Ju

477 211 568 254 arana
588 213 630 252 rx.
946 197 1005 254 288

90 324 159 381 lusia
170 323 284 381 vocibus
295 324 393 380 flentes
403 339 466 376 eum
478 321 587 374 ombant
609 328 637 373 ut
650 319 760 373 tandem
771 320 918 374 exsatiatas
931 320 1005 376 laudi

89 391 205 456 modum
217 391 336 462 faceret,¹
348 408 381 446 ao
394 390 470 443 saluti
483 408 556 458 suae,
569 360 596 442 id
609 397 649 442 est
662 388 793 460 publicae,
808 401 937 468 parceret.

126 467 169 518 25.
190 464 271 516 Grata
283 472 339 516 erat
352 461 406 529 regi
416 461 503 540 pietas
515 460 668 512 amicorum.
698 458 790 527 ltaque
800 459 914 528 singulos
927 459 1004 514 fatui-

92 533 185 586 liarius
195 531 338 602 amplexus
350 530 487 584 considere
502 527 581 582 'ubet
600 527 739 597 Altiusqne
750 544 870 580 sermone
883 532 1002 600 repetito,

91 603 178 656 Vobis
194 603 312 672 quidem,
325 599 418 686 inquit,
437 616 452 650 o
470 547 593 652 fidissimi
611 597 787 667 piissimique²
804 598 905 651 civium
922 608 1003 668 atque

91 671 250 742 amicorum,
263 681 353 738 grates
364 686 413 738 ago
431 668 578 738 habeoque,
591 683 644 719 non
662 665 747 719 solum
761 682 792 717 eo
805 668 919 737 nornine,
932 669 1003 737 quod

92 739 174 796 hodie
187 739 302 794 salutem
315 757 404 792 meam
418 747 521 791 vestrae
541 754 601 806 prae
638 735 706 804 nine,
720 735 767 788 sed
785 735 856 803 quod
867 753 884 788 a
897 739 1004 807 primor-

92 809 144 864 diis
161 809 227 864 belli
246 809 349 862 nullum
366 825 428 877 erga
446 824 490 860 me
509 806 604 859 benivo
615 805 703 857 entiae
723 803 819 873 pignus
836 814 917 884 atque
935 807 1004 862 indi-

92 879 167 934 cium
181 879 314 946 omisistis,
326 877 394 930 adeo
407 886 434 929 ut
447 875 627 928 confitendum
639 875 681 942 sit,
694 891 828 944 nunquam
842 875 908 928 mrhi
920 877 1003 932 vitam

93 967 185 1004 meam
204 949 289 1002 luisse
308 957 360 1000 tam
379 963 475 1014 caram,
507 962 568 997 uam
587 961 646 996 esse
660 943 753 1012 coepit,
767 951 795 996 ut
807 944 883 996 vobis
894 945 940 998 (liu
953 946 1002 1000 lrni

92 1019 204 1088 possim.
228 1017 367 1070 -Ceterum
385 1033 436 1068 non
458 963 554 1066 callem
573 1022 614 1065 est
632 1012 757 1082 cogitatio
776 1030 875 1082 eorum,
893 1015 938 1083 qui
958 1033 1004 1084 pro

93 1105 138 1142 me
160 1087 227 1142 mori
247 1095 345 1155 optant,
367 1095 393 1137 et
413 1100 490 1138 mea:
514 1083 559 1152 qul
576 1082 688 1204 puidam
709 1081 777 1135 hanc
797 1081 1003 1140 benivolentiam
1061 1137 1064 1142 ,

551 1151 556 1161 ”
595 1152 666 1204 icio.³
700 1152 754 1204 Vos
768 1152 838 1204 enim
852 1151 1002 1208 diuturnum

91 1223 210 1280 fructum
223 1243 258 1278 ex
270 1242 322 1292 me,
336 1223 442 1276 forsitan
456 1222 538 1275 etiam
550 1232 714 1292 perpetuum,
728 1222 862 1291 percipere
875 1223 1003 1290 cupiatis:

92 1313 143 1364 ego
156 1313 202 1350 me
214 1295 311 1348 metior
320 1311 370 1346 non
379 1292 474 1345 aetatis
486 1291 577 1360 spatio,
588 1289 635 1344 sed
647 1290 755 1359 gloriae.
792 1291 876 1344 Licuit
888 1295 1005 1360 paternis

91 1365 190 1435 opibus
209 1373 331 1418 contento
353 1363 419 1416 iutra
437 1359 613 1413 Macedoniae
634 1361 761 1414 terminos
780 1377 827 1430 per
846 1361 929 1413 otium
949 1379 1004 1415 cor·

92 1436 164 1508 poris
181 1443 324 1502 expectare
342 1431 482 1486 obscuram
500 1439 526 1482 et
545 1429 686 1498 ignobilem
704 1438 887 1483 senectutem:
912 1448 1003 1500 quam·

92 1521 175 1626 apuam
188 1521 223 1556 ue
235 1502 302 1572 pigri
314 1501 423 1571 quidem
436 1499 487 1553 sibi
500 1497 555 1551 fata
567 1499 713 1569 disponunt,
724 1498 772 1552 sed
784 1501 892 1552 unicum
904 1499 1004 1556 bonum

91 1593 101 1626 t

111 1574 247 1628 iuturnam
260 1573 344 1624 vitam
361 1569 543 1623 existimantes
562 1586 643 1638 saepe
662 1570 759 1623 acerba
777 1587 848 1624 mors
867 1573 1005 1640 occupat:⁴

93 1660 188 1695 verum
207 1658 265 1710 ego,
284 1641 328 1710 qui
347 1657 397 1694 nou
421 1655 503 1692 annos
526 1655 608 1708 meos,
628 1639 675 1692 sed
699 1639 821 1691 victorias
844 1656 962 1709 numero,
982 1643 1004 1694 si

92 1729 208 1766 munera
231 1709 351 1764 fortunae
375 1709 444 1762 bene
463 1717 595 1777 computo,
614 1707 661 1760 diu
679 1707 741 1761 vixi.
777 1709 858 1761 Orsus
875 1726 892 1759 a
911 1709 1005 1762 Mace-

92 1781 175 1835 donia
193 1779 335 1850 imperium
348 1778 487 1832 Graeciae⁶
499 1786 593 1829 teneo:
612 1776 754 1830 Thracium
776 1785 803 1829 et
822 1777 925 1845 Illyrios
943 1779 1003 1832 suh

93 1853 156 1920 egi5
175 1849 306 1918 Triballis,
320 1848 479 1928 Maedisque
493 1846 614 1915 imperito
622 1863 630 1914 3
648 1847 748 1914 Asiam,
762 1862 814 1915 qua
826 1845 1004 1916 Hellesponto,

91 1937 147 1989 qua
170 1919 247 1972 rubro
268 1919 335 1972 mari
353 1915 503 1986 subluitur,⁸
523 1915 653 1985 possideo.
689 1916 802 1985 Jamque
823 1915 893 1967 haud
915 1917 1006 1985 procul

91 1991 191 2042 absum
218 1989 271 2042 fine
298 1987 398 2056 muudi,
418 2005 500 2056 quem
526 2002 648 2052 egressus
672 1983 753 2037 aliam
777 1993 903 2053 naturam,
923 1986 1005 2040 alium

92 2059 190 2112 orbem
207 2057 309 2127 aperire
326 2056 393 2110 mihi
413 2056 500 2110 statui.
538 2055 579 2108 Ex
597 2053 662 2107 Asia
683 2053 708 2106 in
736 2055 857 2122 Europae
881 2056 1008 2108 terminos

94 2138 232 2182 momento
258 2128 334 2180 unius
359 2126 439 2179 horae
465 2125 595 2179 transivi.⁷
630 2123 719 2178 Victor
737 2124 873 2192 utriusque
892 2125 1009 2192 regionis

91 2206 154 2268 post
167 2215 266 2250 nonum
280 2196 352 2266 regni
366 2195 429 2262 urei,
439 2205 497 2266 post
508 2195 667 2262 vigesimum
680 2203 761 2262 atque
772 2202 896 2246 octavum
909 2195 1007 2248 aetatis

92 2267 216 2335 annum,⁸
229 2266 353 2320 videorne
371 2265 446 2318 vobis
464 2265 491 2317 in
509 2262 654 2316 excolenda
671 2263 759 2335 gloria,
773 2263 815 2316 oui
836 2279 878 2316 me
897 2263 943 2316 uni
961 2265 1007 2318 de·
1099 2293 1108 2312 .

91 2337 164 2403 vovi,
179 2353 256 2406 posse
269 2335 395 2388 cessare?

125 2453 132 2476 ¹
146 2447 211 2494 ‘Put
224 2462 237 2493 a
249 2444 310 2492 limit
320 2455 345 2492 to
356 2444 393 2492 his
405 2444 483 2502 proies
501 2442 562 2499 (that
579 2443 608 2499 is,
621 2441 700 2492 desire
716 2444 744 2491 ol
755 2445 852 2505 proies),
865 2445 945 2494 which
956 2461 1007 2494 was

93 2522 153 2556 now
164 2504 274 2566 gratillcd
286 2513 311 2551 to
322 2504 363 2550 the
375 2503 435 2552 tull!

124 2567 185 2612 'Aa
197 2574 223 2612 to
233 2563 282 2611 this
293 2562 448 2668 superlative,
459 2577 501 2610 see
514 2562 594 2609 Grani.
607 2562 620 2614 l
631 2565 669 2617 99,
683 2566 704 2617 1,
718 2572 781 2631 note.
982 2621 987 2632 ἡ

126 2623 224 2672 ³⁴Wh0
234 2632 325 2670 certam
363 2621 472 2669 consider
482 2619 574 2680 myself
586 2631 611 2667 to
622 2619 683 2667 have
694 2620 795 2669 merrted
806 2636 866 2680 your
881 2621 1008 2680 good-wrll

95 2689 112 2734 b
141 2682 293 2742 myvelour!
347 2679 618 2738 hissentenceopensu
646 2679 1008 2738 thewayforhislntroduction

95 2701 130 2792 cl
138 2744 180 2791 the
197 2741 343 2789 declaration
359 2740 410 2788 that
426 2739 457 2786 he
473 2738 534 2786 lives
549 2738 606 2798 only
617 2695 653 2785 ldr
668 2737 738 2786 same.
770 2738 810 2784 As
819 2747 844 2784 to
854 2740 954 2796 quidem,
967 2753 1008 2786 see

98 2800 385 2908 letllllllalhydll'ertaltos
396 2857 462 2905 them
478 2857 568 2910 (before
584 2855 642 2915 they
653 2854 714 2903 have
730 2809 835 2902 attalned
851 2853 891 2902 the
908 2854 948 2902 old
963 2871 1009 2916 age

95 2921 179 2970 which
192 2919 251 2978 they
261 2917 323 2965 wish
335 2916 396 2972 ton·

101 3043 107 3060 ¹
127 2978 281 3036 “Suprema
298 2976 350 3045 rule
368 2991 426 3024 over
443 2973 555 3046 Graeca}
587 2973 649 3050 This
666 2973 687 3020 is
703 2971 768 3020 what
788 2971 829 3020 the
852 2971 947 3020 Greeks
963 2972 1010 3022 call

98 3035 700 3164 Wllollhhlhdsdlllldfhlhdddllyldlllllldllsslhe
710 3100 800 3160 wetere
815 3091 844 3140 os
856 3091 896 3139 the
913 3089 1010 3140 Helles·

97 3163 158 3216 pout
169 3155 215 3204 and
228 3154 255 3202 ol
268 3154 308 3201 the
325 3153 409 3201 lndtan
423 3152 522 3200 Oceauff
556 3151 667 3199 Allectur
683 3151 759 3211 might
777 3151 838 3200 have
856 3153 917 3199 been
933 3149 1009 3207 used;

97 3217 143 3264 but
155 3229 182 3261 as
194 3215 235 3283 the
246 3229 289 3261 sea
299 3213 320 3260 is
331 3227 385 3260 ona
396 3212 469 3260 lower
480 3209 542 3259 level
551 3210 610 3258 than
618 3210 660 3257 the
671 3219 746 3266 coast,
757 3213 878 3260 subluitur
886 3211 906 3258 is
913 3209 1011 3270 equally

98 3283 264 3390 nplll'drlllslh
278 3331 310 3390 by
322 3329 362 3376 the
373 3329 438 3398 rapid
456 3343 558 3388 passage
573 3327 602 3375 os
613 3327 653 3375 the
666 3327 681 3376 J
683 3338 787 3384 exertas,
797 3327 879 3399 which
892 3341 942 3375 was
953 3328 1011 3376 mis·

99 3391 229 3462 taken-'lor
246 3390 286 3436 tho
307 3389 407 3445 Tanais,
429 3388 469 3435 the
488 3385 612 3447 houndary
629 3389 740 3436 between
756 3391 819 3436 Asia
839 3387 884 3436 and
906 3386 1011 3448 Europe.

100 3451 287 3568 Seepppopging
295 3515 320 3555 to
328 3521 343 3555 a
351 3519 417 3554 more
424 3515 516 3554 correct
523 3505 675 3564 calculation‚
686 3521 730 3555 our
738 3507 824 3555 author
832 3505 907 3567 ought
915 3516 940 3554 to
949 3505 1011 3556 aare

497 3641 511 3669 Χ
