2322 3850
484 184 577 224 arsen
596 185 636 224 rv.
970 169 1006 226 οι

101 291 190 360 nebat,
200 299 274 344 tanta
284 292 310 343 vi
323 291 437 412 impulsa
448 303 495 360 est,
506 300 534 344 ut
542 291 639 361 Tyrius
649 291 805 360 gubernator
812 292 838 344 iu
848 309 921 344 mare
929 309 1010 346 excu-

101 369 201 413 teretur
213 378 228 412 e
240 361 332 430 puppi.
385 361 455 413 lures
467 360 562 412 deinde
575 360 755 412 Macedonum
763 379 845 413 naves
856 361 1008 430 superveni·

101 439 156 499 unt,
172 439 198 482 et
211 447 257 482 rex
269 447 375 498 quoque
387 431 494 482 aderat:
516 447 577 482 cum
590 429 663 498 Tyrii
676 429 825 482 inhibentes
838 434 918 484 remis
929 448 1008 499 aegre

100 498 1009 568 evellerenavem,quaehaerebat,portumqueomniasimuloavigia

99 577 233 638 repetunt.
269 567 414 619 Confestim
426 586 471 620 rex
481 568 615 618 insecutus
624 576 726 634 portum
736 568 842 636 quidem
853 570 947 620 intrare
957 587 1007 622 uon

97 637 272 708 potuit,cun1
291 637 378 705 procul
400 654 416 686 e
436 637 519 688 muris
537 635 680 688 missilibus
697 649 913 707 summoveretur,
928 655 1009 691 naves

98 716 193 758 autem
206 723 299 757 omnes
311 704 367 756 fere
380 715 424 758 aut
438 706 572 772 demersit,
586 715 631 757 aut
643 705 723 774 cepit.

138 779 179 827 19.
199 775 282 826 Biduo
295 774 391 826 deinde
409 773 443 826 ad
462 775 581 843 quietern
601 775 662 826 dato
682 773 817 841 militibus,
829 774 961 852 jussisque
981 785 1007 828 et

98 843 218 896 classem
237 851 262 896 et
281 843 419 894 machinas
438 844 533 912 pariter
552 843 701 910 admovere,
721 852 748 894 ut
772 843 889 911 undique
913 845 1009 898 territis

98 913 220 981 instaret,
234 914 290 981 ipse
309 913 334 964 in
353 912 511 964 altissimam
531 922 627 964 turrem
645 912 773 980 ascendit,
795 913 893 978 ingenti
910 913 1006 982 animo,

97 981 219 1050 periculo
233 981 340 1050 majore.
377 981 481 1050 Quippe
500 982 570 1049 regio
589 982 683 1047 insigni
701 989 727 1033 et
745 981 827 1032 armis
846 980 1008 1049 fulgentibus

97 1051 267 1120 conspicuos,
283 1068 350 1104 uuus
362 1051 501 1120 praecipue
514 1051 573 1103 telis
585 1049 731 1119 petebatur.
767 1050 801 1102 Et
813 1049 893 1118 digna
905 1067 1009 1119 prorsus

97 1137 111 1171 s
131 1120 255 1172 ectaculo
273 1119 372 1171 edidit:
391 1117 489 1171 multos
507 1137 522 1170 e
539 1121 621 1172 muris
633 1129 827 1189 propugnantes
839 1118 914 1171 hasta
927 1128 1008 1172 trans·

116 1191 165 1258 xit,
186 1188 315 1258 quosdam
335 1189 416 1241 etiam
435 1190 585 1241 comminus
602 1188 690 1256 gladio
708 1189 856 1258 clypeoque
879 1189 1008 1258 impulsos

96 1257 293 1328 praecipitavit,
313 1262 411 1327 quippe
436 1259 518 1326 turriS,
541 1275 575 1310 ert
598 1275 650 1327 qua
673 1257 824 1326 dimicabat,
844 1259 925 1310 muris
948 1257 1007 1310 hos-

97 1328 165 1379 tium
183 1327 388 1396 ,propemodum
414 1327 580 1380 cohaerebat.
616 1327 675 1380 Jam
697 1345 730 1379 ne
756 1326 856 1380 crebris
881 1327 1008 1382 arietibus

97 1413 222 1448 saxorum
243 1413 372 1465 compage
391 1395 479 1448 laxata
498 1397 663 1448 munimenta
677 1345 852 1462 defecerant,¹
870 1405 896 1447 et
915 1397 1007 1450 classis
1048 1433 1049 1436 =

97 1467 244 1517 intraverat
263 1475 375 1533 portum,
389 1474 415 1516 et
433 1464 540 1534 quidam
560 1464 739 1517 Macedonum
757 1466 783 1518 in
796 1476 878 1518 turres
891 1465 1007 1520 hostium

96 1534 222 1588 desertas
250 1541 404 1586 evaserant:
431 1551 492 1586 curn
514 1533 593 1603 Tyrii,
614 1541 650 1585 tot
674 1533 750 1586 simul
774 1535 852 1586 malis
870 1535 941 1603 victi,
960 1535 1007 1588 alii

97 1603 238 1672 supplices
250 1603 275 1655 in
290 1603 390 1672 templa
402 1603 563 1670 confugiunt,
576 1603 620 1654 alii
639 1602 737 1655 foribus
754 1604 861 1656 aedium
880 1604 1008 1658 obseratis

96 1681 232 1742 occupant
264 1671 377 1725 liberum
409 1673 499 1724 mortis
530 1673 687 1738 arbitrium,²
717 1673 833 1724 nonnulli
869 1685 945 1726 ruunt
980 1673 1007 1726 in

96 1741 213 1809 hostem,
240 1741 310 1794 haud
335 1741 410 1794 inulti
434 1749 523 1794 tamen
548 1741 675 1810 perituri,³
698 1758 795 1808 magna
853 1759 878 1793 rs
902 1758 1008 1796 summa

95 1812 243 1862 tectorum⁴
254 1810 397 1878 obtinebat,
412 1827 474 1863 saxa
487 1820 513 1862 et
528 1809 656 1929 quicpuid
676 1809 729 1860 fors
748 1811 821 1862 mani
841 1828 872 1862 us
889 1810 1006 1880 dederat,

95 1877 252 1948 ingerentes
269 1879 451 1932 subeuntibus.
487 1880 588 1932 Alexan
609 1896 644 1946 er,
663 1879 783 1946 exceptis
800 1879 845 1947 qui
863 1880 887 1931 in
908 1879 1008 1950 templa

95 1948 281 2016 confugerant,
305 1966 399 2001 omnes
421 1949 540 2016 interfici,
562 1947 705 2016 ignemque
729 1947 806 1999 tectis
827 1947 900 2017 injici
922 1947 1006 2017 jubet.

95 2017 147 2070 His
166 2035 218 2086 per
237 2035 382 2086 praecones
393 2019 572 2086 pronuntiatis,
587 2033 665 2071 nemo
685 2027 773 2068 tamen
793 2026 910 2068 armatus
928 2034 1007 2086 opem

95 2103 111 2139 a
130 2086 185 2140 diis
204 2096 296 2156 petere
316 2088 437 2140 sustinuit
447 2089 465 2138 :⁵
484 2087 557 2156 pueri
578 2087 745 2154 virginesque
770 2085 868 2153 templa
891 2086 1006 2156 comple·

96 2163 201 2224 verant,
223 2157 274 2207 viri
293 2156 318 2208 in
337 2155 467 2208 vestibulo
493 2173 597 2210 suarum
623 2156 736 2224 quisque
761 2153 867 2208 aedium
893 2156 1005 2224 stabant,

13 2237 17 2284 ’,
94 2235 190 2294 parata
204 2225 385 2278 saevientibus
397 2225 481 2277 turba.
517 2224 610 2277 Multis
623 2233 711 2276 tamen
725 2223 802 2274 saluti
813 2223 886 2276 fuere
899 2223 1004 2292 Sidonii,

96 2295 141 2362 qui
163 2296 233 2346 intra
252 2294 431 2346 Macedonum
453 2293 594 2362 praesidia⁶
613 2303 694 2345 erant.
730 2293 763 2344 Hi
783 2293 875 2346 orbem
898 2293 1006 2362 quidem

97 2364 166 2415 inter
186 2363 300 2415 victores
324 2363 490 2431 intraverant,
510 2363 557 2416 sed
581 2363 742 2430 cognationis
765 2379 826 2414 curn
845 2363 931 2432 Tyriis
949 2381 1005 2417 me·

97 2449 187 2484 mores
200 2431 310 2501 (qnippe
323 2441 463 2501 utramque
479 2433 573 2486 urbem
585 2434 734 2500 Agenorem
748 2431 897 2484 condidisse
916 2433 1006 2498 crede,

96 2501 182 2570 bant),
196 2500 295 2553 multos
306 2501 451 2570 Tyriorum,
461 2502 543 2554 etiam
556 2503 741 2570 protegentes,⁷
752 2501 785 2554 ad
799 2519 847 2554 sua
858 2502 1005 2569 perduxere

124 2609 390 2716 llsshlleghhefdrhlldnd
402 2685 416 2718 s
426 2667 475 2716 free
486 2669 569 2718 choico
584 2667 612 2716 of
624 2668 665 2716 the
681 2682 781 2716 manner
795 2665 824 2718 of
836 2666 898 2714 their
913 2666 1002 2716 death!

94 2727 201 2795 Aliquid
211 2743 323 2832 ocpopore
333 2726 362 2808 is,
378 2732 417 2774 ‘ro
429 2728 485 2776 take
496 2743 522 2776 or
533 2729 563 2777 do
574 2727 711 2788 something
718 2727 799 2776 before
807 2725 944 2786 something
954 2727 1004 2776 else

95 2796 367 2925 wyllhnhiddrllhht,
379 2845 416 2892 die
435 2845 527 2906 though
543 2846 601 2906 they
617 2845 715 2900 should,
731 2844 789 2903 they
804 2841 882 2903 might
897 2843 947 2892 still
962 2856 1004 2892 not

89 2903 384 3022 ⁴pellgllldlllhrreyllillagteillity
396 2963 475 3011 would
492 2964 552 3011 have
568 2964 639 3024 given
649 2978 738 3010 summo
748 2969 814 3009 tecto.
846 2959 892 3008 See
904 2960 1002 3022 Zumpt,

94 3024 241 3128 §smmum
257 3095 383 3128 overcome
394 3080 433 3129 his
444 3079 509 3139 pride
520 3080 567 3128 and
577 3079 628 3128 sear
638 3078 666 3126 of
677 3077 760 3126 shame
771 3094 799 3126 so
809 3078 844 3126 far
854 3095 881 3127 as
897 3081 940 3136 to,’
954 3081 1002 3128 dac.

94 3140 224 3190 Sustinuere
234 3150 277 3186 not
287 3139 455 3199 unfrequently
464 3142 533 3188 bears
544 3139 593 3188 this
604 3153 682 3186 sense.

121 3199 257 3269 “Within
277 3197 319 3246 the
337 3209 405 3258 pnsts
423 3214 449 3246 or
465 3197 525 3266 lines
541 3197 570 3245 of
586 3198 626 3244 the
645 3193 834 3264 Macedonicus)
867 3197 922 3246 The
940 3208 1001 3266 term

94 3256 520 3376 perpeesgpplrirp,ppopppgythelongrng
536 3267 560 3304 tn
576 3255 617 3304 the
633 3265 750 3314 poertrous
760 3255 788 3304 of
800 3256 966 3316 claudamur,
980 3271 1001 3305 ts

121 3381 129 3403 ³
139 3376 215 3436 They
225 3384 266 3423 not
277 3373 369 3434 merely
378 3373 417 3424 led
425 3373 493 3421 thern
502 3389 578 3433 away,
589 3375 631 3421 but
643 3372 694 3422 also
704 3373 822 3424 defended
833 3373 907 3430 them,
918 3371 999 3422 when·

13 3485 16 3496 ,
94 3449 150 3484 ever
161 3451 177 3484 a
187 3433 350 3484 Macedonian
360 3432 450 3482 soldier
459 3432 592 3492 attempted
603 3443 629 3482 to
639 3432 683 3482 hill
694 3433 768 3482 thern.
