2322 3850
136 195 174 252 st
402 208 442 250 ar
466 208 574 250 essars
596 207 783 276 aaaxancar.

136 319 203 374 mari
215 318 331 374 subruit:
345 333 395 372 nec
403 316 459 372 ulla
467 326 523 372 tam
531 317 607 372 firma
617 316 701 370 moles
709 326 758 387 est,
769 334 849 388 quarn
858 333 909 372 uon
918 318 1046 374 exedaut¹

136 387 223 442 undae
243 397 271 442 et
290 405 337 458 per
356 404 441 440 nexus
460 405 566 457 operum
588 397 735 456 manantes,
749 398 783 455 et,
796 387 842 440 ubi
860 387 943 440 acrior
964 389 1047 443 flatus

89 481 95 490 ·
136 457 232 527 existit,
256 457 354 511 summi
379 457 466 526 operis
496 457 598 525 fastigio
627 457 803 526 superfusae.²
838 458 944 511 Praeter
975 459 1046 512 harre

135 526 322 580 difficultatem
341 525 414 580 hand
434 527 519 579 minor
538 527 590 578 alia
610 537 680 579 erat:
705 545 795 580 muros
815 538 950 596 turresque
971 529 1047 583 urbis

136 596 284 666 praealtum
296 613 369 650 mare
382 596 532 650 ambiebat:
547 613 596 649 non
609 606 738 650 tormenta
751 597 799 650 nisi
809 616 824 649 e
833 597 944 650 navibus
953 599 1047 668 procul

136 683 249 720 excussa
262 667 349 733 mitti,³
360 683 412 720 non
425 667 513 720 scalae
525 667 665 720 moenibus
676 667 802 736 applicari
816 676 949 736 poterant:
970 685 1045 738 prae-

135 753 167 790 oe
187 754 200 788 s
219 737 245 790 iu
263 737 351 790 seium
368 755 461 790 murus
478 735 600 806 pedestre
619 735 793 806 interceperat
812 739 875 790 iter:
897 753 980 790 naves
995 755 1046 792 nec

136 753 253 860 habebat
271 824 324 876 rex,
343 816 378 876 et,
397 808 419 860 si
437 807 607 875 admovisset,
620 805 768 876 pendentes
783 816 809 859 et
825 807 963 861 instabiles
982 809 1045 862 mis-

135 874 229 930 silibus
245 879 328 930 arceri
346 886 475 947 poterant.
511 875 581 928 inter
592 892 660 945 quae
674 893 755 944 parva
766 875 840 929 dictu
852 893 893 929 res
905 877 1046 946 Tyriorum

136 945 263 1000 fiduciam
274 948 405 1000 accendit.
442 945 696 1014 Carthaginiensium
712 945 794 1014 legati
806 946 839 999 ad
852 946 1046 1000 celebrandum

135 1033 240 1070 sacrum
264 1016 471 1070 anniversarium
497 1031 568 1068 more
591 1015 673 1083 patrio
698 1025 760 1068 tunc
780 1024 920 1069 venerant:
946 1017 1046 1086 quippe

136 1085 322 1155 Carthaginem
335 1086 408 1155 Tyrii
421 1085 601 1152 condiderunt,
616 1101 722 1154 semper
739 1094 879 1154 parentum
897 1084 954 1138 loco
969 1087 1044 1140 sulti.

135 1155 236 1209 Hortari
255 1174 317 1224 ergo
335 1155 414 1208 Poeni
433 1163 586 1223 coeperunt,
602 1163 630 1206 ut
648 1154 811 1208 obsidionem
825 1155 884 1208 sorti
896 1155 986 1210 animo
1000 1173 1045 1225 pa·

135 1234 252 1279 tenentur
260 1244 266 1294 3
280 1225 353 1278 brevi
366 1223 522 1292 Carthagine
535 1223 633 1278 auxilia
646 1235 764 1278 ventura.
794 1226 918 1294 Namque
932 1241 965 1277 ea
977 1233 1045 1280 tem·

135 1304 238 1364 pestate
253 1312 347 1364 magna
360 1312 392 1346 en·
405 1303 477 1362 parte
491 1294 598 1347 Punicis
610 1293 738 1348 classibus
751 1296 834 1348 maria
845 1294 1043 1348 obsidebantur.

170 1369 194 1415 9.
215 1365 295 1432 Igitur
315 1362 382 1416 bello
402 1361 516 1432 decreto,
530 1366 586 1432 per⁴
599 1381 687 1416 muros
700 1375 836 1434 turresque
849 1375 980 1418 tormenta
991 1363 1045 1418 dis·

134 1443 242 1501 ponunt,
256 1451 330 1486 arrna
340 1432 488 1502 junioribus
501 1433 629 1502 dividunt,
642 1435 757 1503 opifices,
768 1451 880 1504 quorum
892 1435 969 1504 copia
981 1435 1045 1488 urbs

134 1502 295 1567 abundabat,
318 1505 343 1556 iu
367 1502 488 1556 officinas
511 1503 678 1557 distribuunt.
714 1505 809 1557 Omnia
830 1503 894 1556 belli
914 1515 1044 1574 apparatu

135 1581 268 1641 strepunt:
291 1573 391 1624 ferreae
409 1589 513 1642 quoque
532 1591 627 1626 :nanus
645 1575 826 1644 (Harpagonas
844 1577 958 1647 vocant),
978 1591 1045 1644 quas

134 1641 259 1710 operibus
277 1641 391 1696 hostium
408 1643 554 1712 injicerent,
568 1645 702 1713 cor·riquc⁵
714 1653 740 1695 et
752 1643 804 1695 alia
817 1643 923 1696 tuendis
934 1644 1045 1698 urbibus

133 1712 283 1780 excogitata
295 1713 526 1782 praeparabantur.
551 1713 601 1766 Sed
614 1732 676 1766 cnm
691 1713 840 1766 fornacibus
852 1712 960 1783 ferrum,
972 1713 1043 1784 quod

133 1781 230 1834 excudi
243 1783 386 1852 oportebat,
401 1783 552 1853 impositum
565 1793 641 1852 esset,
654 1783 821 1851 admotisque
834 1782 939 1836 follibus
953 1785 1041 1852 ignem
1061 1785 1063 1789 ⁴

134 1851 198 1905 flatu
217 1853 401 1922 accenderent,
420 1854 554 1934 sanguinis
573 1854 618 1906 rivi
638 1854 687 1906 sub
708 1853 771 1921 ipsis
789 1853 905 1906 flammis
923 1855 1042 1907 extitisse

133 1922 269 1976 dicuntur:
289 1922 369 1993 idque
381 1941 459 1976 ornen
472 1941 498 1975 rn
512 1923 691 1976 Macedonum
703 1933 804 1975 metum
813 1933 948 1976 verterunt
959 1923 1041 1992 Tyrii.

134 1993 212 2062 Apud
225 1994 390 2047 Macedonas
401 2011 504 2062 quoque
517 2010 580 2046 cum
597 1991 663 2044 forte
682 2009 779 2062 panem
799 1991 906 2061 quidam
927 1993 1042 2046 militurn

134 2061 293 2132 frangerent,
307 2065 441 2116 manantis
452 2063 586 2130 sanguinis
597 2073 685 2130 guttae
697 2071 860 2114 notaverunt.
887 2063 1042 2134 Territoque

135 2149 204 2201 rege,
227 2134 388 2200 Aristander,
413 2132 587 2201 peritissimus
610 2143 709 2200 ratum,
734 2132 755 2184 si
780 2133 943 2185 extrinsecus
967 2149 1043 2186 cruor

134 2201 263 2270 fluxisset,
276 2201 469 2254 Macedonibus
481 2201 506 2252 id
521 2203 592 2252 triste
607 2201 731 2269 futurum,
745 2202 796 2253 ait:
817 2211 914 2270 contra,
929 2220 992 2256 cum
1007 2203 1042 2256 ab

134 2270 256 2322 interiore
275 2280 347 2340 parre
366 2271 520 2338 manaverit,
533 2271 599 2338 urbi,
615 2288 696 2339 quam
714 2271 834 2324 obsidere
854 2271 1040 2342 destinassent,

133 2340 244 2394 exitium
258 2339 421 2408 portendere.
458 2340 677 2392 Alexandercum
690 2350 716 2392 et
729 2340 843 2394 classem
856 2342 947 2410 procui
959 2341 1042 2396 habe·

134 2419 172 2462 ret
194 2419 220 2462 et
233 2410 339 2478 longam
351 2408 624 2476 obsidionem-magno
637 2409 687 2462 sibi
699 2409 732 2462 ad
746 2421 834 2462 cetera
848 2411 1040 2479 impedimenta

134 2449 236 2532 videret
254 2479 318 2548 fore,
331 2478 527 2546 caduceatores,
547 2480 592 2548 qui
610 2479 643 2531 ad
662 2497 756 2548 pacem
776 2495 822 2534 ecs
839 2481 1039 2552 compellerent,

133 2550 218 2603 misit:
238 2566 304 2618 quos
316 2549 389 2618 Tyrii
402 2558 491 2600 contra
504 2547 548 2617 jus
558 2549 676 2616 gentium
690 2551 790 2602 occisos
801 2551 1040 2620 praecipitaverunt

133 2621 158 2674 in
172 2619 265 2673 altum.
300 2623 389 2688 Atque
407 2617 452 2670 ille
470 2635 577 2670 suorum
597 2628 652 2672 tam
663 2618 771 2688 indigna
783 2628 867 2672 morte
878 2629 1038 2690 commotus,

132 2691 225 2744 urbem
238 2688 359 2742 obsidere
371 2687 480 2740 statuit.⁶
1047 2704 1049 2706 ·

134 2777 153 2785 ῃ
162 2802 168 2824 ¹
182 2803 188 2822 ‘
197 2779 240 2843 To
247 2775 515 2856 destini—b-y-degreesl

133 2913 138 2922 ¹
160 2861 170 2924 ff
182 2861 187 2882 ¹
197 2855 336 2924 Streaming
345 2870 402 2902 over
413 2854 455 2924 the
466 2864 506 2912 top
518 2853 545 2901 of
553 2853 593 2902 the
604 2853 689 2901 work!
722 2854 813 2904 Summi
824 2854 844 2902 is
855 2854 997 2914 pieonasdc,
1011 2873 1038 2906 as

132 2923 150 2960 η
161 2915 355 3042 {s‘cSoddidnddluid
363 2916 420 3033 ofiiii
437 2930 565 3020 'burnhrown
575 2971 635 3040 irem
646 2963 792 3040 adistancs3
805 2943 910 3032 namely,
924 2973 985 3022 from
996 2975 1037 3024 the

131 3031 215 3090 ships!
251 3031 399 3081 Tomentum
409 3048 465 3092 may
477 3034 505 3080 be
517 3030 611 3091 applred
622 3042 647 3080 tc
658 3031 699 3078 the
710 3031 777 3092 thing
788 3032 891 3088 thrown,
904 3048 931 3080 as
942 3033 1000 3082 well
1010 3050 1037 3082 as

130 3101 156 3140 to
168 3091 208 3138 the
219 3090 329 3138 machine
340 3093 419 3140 which
431 3092 529 3140 throws.

159 3157 168 3180 ⁴
181 3149 359 3209 ‘Everywhere
371 3151 442 3211 along
453 3150 493 3199 the
505 3150 582 3207 walls,
596 3150 642 3198 and
653 3166 683 3199 on
692 3150 732 3198 the
744 3150 848 3198 torrere?
876 3150 923 3198 See
935 3151 1033 3212 Zumpt,

130 3209 260 3318 witham
274 3241 382 3316 ‘navens’
396 3284 459 3316 were
470 3271 545 3329 sharp-
551 3270 604 3328 iron
615 3269 700 3319 hnoks.

144 3336 166 3400 '¹
178 3330 233 3377 The
242 3327 352 3397 ordinary
361 3328 498 3397 distinction
508 3329 619 3376 between
627 3345 769 3410 oppugnare,
785 3333 825 3396 ‘to
833 3329 942 3397 sessula}
954 3345 983 3378 or
993 3331 1034 3400 be.

129 3387 377 3495 iiiiriissiidtiffl
388 3388 1035 3504 dtttnsttti’dtitttettt‘ttnttttid

128 3505 211 3561 aault,’
224 3520 251 3552 or
264 3511 303 3552 ‘ro
313 3503 406 3552 storm’
