2274 3844
137 228 196 282 212
407 239 445 278 ou
470 239 576 280 ousrrs
599 236 772 282 austrinum

136 351 170 404 ad
194 349 294 402 flumen
313 349 399 400 Qum
421 356 576 416 perventum
602 357 661 398 ests
688 345 745 412 llic,
766 343 829 412 quie
848 342 944 397 limum
965 341 1045 409 veuit,

138 419 259 472 turbidus
277 435 391 484 semper,
412 416 551 468 insalubris
568 426 608 468 est
627 415 705 483 potui.
743 414 835 482 ltaque
857 421 952 480 puteos
969 411 1048 464 miles

137 499 259 554 coeperet
285 487 382 538 fodere.
419 487 478 538 Nec
503 495 590 538 tamen
615 485 696 536 humo
719 482 772 534 alte
798 493 892 548 egesta
917 481 1047 533 existebat

138 555 231 608 humor
241 573 248 622 3
267 557 337 608 cum¹
358 557 383 608 in
403 555 459 624 ipso
478 553 647 606 tabernaculo
664 553 733 620 regis
751 561 911 620 conspectus
927 561 967 602 est
982 549 1046 616 fons,

158 642 218 678 uem
249 627 313 693 quia
341 624 415 676 tarde
445 633 610 690 notaverant,
637 621 722 674 subito
753 623 873 674 extitisse
906 620 1047 673 finxerunt.

138 642 247 761 Xexque
262 696 317 762 ipse
330 693 401 746 credi
415 693 503 759 voluit,
517 693 627 746 deorum
640 691 738 743 donum
751 690 778 746 id
791 690 883 742 luisse.
916 688 1050 757 Superatis

138 762 237 815 deinde
258 763 381 816 amnibus
399 762 471 814 Ocho
491 772 517 814 et
538 763 600 830 Oxo,
623 761 657 812 ad
682 760 775 814 urbem
797 759 970 827 Marganiam
988 765 1049 828 'per-

139 833 219 884 venit.
256 833 332 885 Circa
344 849 404 886 eam
418 832 453 884 Vl
465 831 568 899 oppidis
580 829 725 883 condendis
737 829 823 881 electa
835 829 918 880 sedes
930 843 987 880 est:
1000 827 1050 880 duo

139 901 174 954 ad
195 901 339 954 Meridiem
358 917 442 966 versa,
463 909 584 968 quattuor
604 899 752 969 spectantia
772 897 918 966 Orientem,
937 896 1050 950 modicis

140 972 208 1024 inter
226 988 255 1021 se
273 971 366 1038 spatiis
384 969 525 1036 distabant,
544 986 578 1020 ne
597 967 687 1037 procul
706 967 881 1036 repetendum
901 979 976 1020 esset
997 983 1050 1018 mu·

141 1049 215 1092 tuum
234 1039 372 1092 auxilium.
408 1039 481 1090 llaec
506 1039 595 1090 omnia
622 1038 673 1090 sita
698 1045 758 1088 suut
785 1037 811 1088 in
833 1035 913 1088 editis
932 1035 1049 1100 collibus,

141 1119 196 1162 tum
211 1111 283 1160 velut
296 1109 360 1160 freni
374 1107 533 1160 domitarum
545 1108 674 1176 gentium,
688 1123 757 1158 nunc
769 1105 875 1174 originis
891 1122 958 1158 suae
971 1104 1051 1157 oblita

141 1179 268 1243 serviunt,
281 1177 378 1246 quibus
390 1178 594 1245 imperaverunt.

176 1254 218 1300 41.
238 1249 271 1300 Εῑ
294 1260 383 1298 cetera
406 1243 515 1314 quidem
539 1256 680 1314 pacaverat
708 1261 761 1296 rex.
796 1243 857 1296 Una
883 1253 941 1294 erat
969 1254 1050 1311 petra,

141 1335 223 1386 quam
242 1317 382 1369 Arimazus
407 1315 552 1384 Sogdianus
575 1331 638 1368 cum
661 1313 732 1368 XXX
756 1313 863 1366 milibus
888 1322 1051 1364 armatorum

141 1385 285 1448 obtinebat,
299 1385 432 1438 alimentis
450 1393 511 1437 ante
531 1383 670 1452 congestis,
690 1399 759 1451 quae
779 1392 867 1434 tantae
887 1381 1053 1434 multitudini

142 1456 196 1506 vel²
215 1472 260 1522 per
277 1453 414 1506 biennium
434 1462 612 1521 suppeterent.
649 1453 726 1505 Petra
746 1452 772 1504 iu
792 1451 963 1503 altitudinem
983 1451 1053 1504 XXX

142 1525 242 1576 eminet
256 1523 346 1591 stadia,
357 1523 465 1574 circuitu
480 1523 538 1574 Cet
551 1521 572 1574 L
584 1521 774 1600 complectitur.
810 1521 936 1590 Undique
949 1521 1053 1572 abscisa

142 1601 169 1645 ct
190 1592 301 1659 abrupta
320 1593 415 1644 semita
435 1601 594 1659 perangusta
612 1591 708 1643 aditur.
746 1591 775 1642 ln
796 1591 885 1642 medio
904 1589 1053 1644 altitudinis

142 1663 227 1730 spatio
253 1661 332 1714 habet
356 1677 474 1729 specum,
502 1659 578 1730 cujus
601 1677 631 1712 os
653 1675 740 1712 artum
770 1669 797 1712 et
827 1659 971 1712 obscurum
996 1667 1052 1724 est;

143 1730 271 1800 paulatim
295 1727 392 1781 deinde
417 1729 539 1782 ulteriora
562 1730 728 1798 panduntur,
756 1728 851 1781 ultima
875 1729 958 1780 etiam
983 1727 1051 1780 altos

143 1816 263 1852 recessus
282 1798 400 1851 habent.³
435 1799 531 1852 Fontes
543 1815 589 1868 per
601 1808 684 1852 totum
697 1797 752 1850 sere
772 1799 889 1868 spatium
907 1809 1053 1864 manant,e

142 1869 239 1938 quibus
262 1868 373 1920 collatae
397 1876 483 1937 aquae
507 1885 553 1936 per
572 1883 651 1938 prona
669 1867 766 1920 montis
790 1867 890 1919 flumen
915 1867 1050 1919 emittunt.

142 1939 206 2004 Rex,
226 1937 275 1990 loci
294 1938 451 1990 difficultate
475 1945 602 2006 spectata,
622 1945 749 1989 statuerat
767 1936 829 1988 inde
847 1937 938 2004 abire3
957 1935 1052 2002 cupido

141 2006 240 2060 deiude
266 2009 372 2060 incessit
396 2008 503 2075 animo,⁴
526 2015 647 2059 naturam
672 2023 777 2074 quoque
803 2005 939 2072 fatigandi.
978 2005 1053 2056 Prius

142 2088 232 2128 tamen
251 2094 333 2144 quam
351 2077 483 2130 fortunam
501 2075 643 2130 obsidionis
660 2076 829 2144 experiretur,
843 2075 953 2143 Cophen
966 2077 1052 2144 (Arta-

143 2145 202 2199 bazi
216 2146 259 2198 hic
272 2147 342 2198 filius
354 2145 421 2215 orat)
434 2145 506 2198 misit
518 2143 552 2196 ad
571 2143 701 2214 barbaros,
715 2145 761 2214 qui
778 2143 910 2212 suaderet,
925 2153 954 2196 ut
972 2143 1052 2194 dede·

143 2223 200 2266 rent
214 2232 315 2283 rupem.
351 2217 490 2268 Arimazes
501 2215 557 2266 loco
575 2213 657 2266 fretus
675 2213 789 2282 superbe
807 2213 890 2269 multa
910 2213 1050 2284 respoudit,

141 2284 175 2336 ed
197 2284 329 2352 ultimum,
342 2302 375 2336 au
388 2283 539 2336 Alexander
551 2284 639 2336 volare
660 2283 770 2352 possetl
788 2283 940 2348 interrogat.
976 2282 1051 2340 Quae

143 2355 262 2404 nuntiata
276 2353 330 2420 regi
343 2354 380 2405 sic
392 2353 538 2405 accendere
550 2353 677 2432 animum,
691 2365 720 2406 ut
731 2351 865 2419 adhibitis,
878 2369 942 2404 cum
955 2351 1051 2420 quibus

145 2421 293 2472 consultare
317 2430 372 2473 erat
395 2421 493 2488 solitus,
518 2421 646 2474 iudicaret
669 2421 836 2476 insolentiam
859 2421 972 2488 barbari,
998 2421 1051 2484 elu-

142 2489 249 2542 dentisi
283 2505 319 2556 os,
332 2490 395 2557 quia
415 2490 508 2558 pinnas
528 2507 579 2542 non
600 2490 736 2543 habereut.
772 2491 805 2542 Se
823 2499 915 2542 autem
935 2490 1052 2558 proxima

143 2569 218 2612 nocte
231 2575 246 2610 e
269 2569 397 2626 ecturum,
410 2568 438 2611 ut
451 2561 569 2611 crederet
581 2559 746 2611 Macedones
758 2559 840 2610 etiam
852 2559 953 2611 volare.
991 2559 1051 2610 Tre

142 2639 241 2697 centos,
256 2629 346 2696 inquit,
360 2629 566 2697 pernicissimos⁵
580 2627 694 2748 p‘uvenes
715 2645 749 2680 ex
768 2629 822 2680 suis
842 2629 956 2698 quisque
970 2627 1053 2696 copiis

142 2699 279 2766 perducite
298 2697 333 2750 ad
352 2715 403 2765 me,
417 2698 462 2766 qui
482 2715 528 2766 per
548 2715 579 2750 ca
590 2699 629 2748 les
648 2706 674 2749 et
686 2714 772 2766 paene
785 2697 870 2754 invias
882 2715 964 2766 rupes
981 2696 1053 2750 domi

142 2783 238 2834 pecora
250 2784 328 2836 agere
341 2775 539 2820 consueverant.
575 2766 617 2819 llli
629 2775 792 2834 praestantes
804 2777 831 2818 et
843 2765 954 2819 levitate
966 2781 1053 2834 corpo·

144 2852 202 2888 rum
216 2848 242 2890 et
254 2837 345 2890 ardore
358 2838 505 2888 animorum
518 2843 623 2887 strenue
636 2834 779 2904 adducunt,
793 2851 859 2904 quos
878 2837 987 2889 intuens
999 2851 1050 2904 rex,

143 2903 297 2974 Vobiscum,
317 2907 438 2976 inquit,o
454 2905 567 2975 juvenes
584 2911 611 2956 et
628 2904 682 2956 mei
700 2903 834 2974 aequales,
847 2905 957 2958 urbium
976 2905 1053 2958 invic-

143 2981 230 3026 tarum
242 2985 303 3027 ante
316 2976 480 3028 munimenta
493 2973 621 3042 superavi,
635 2972 766 3026 montium
783 2973 848 3042 juga
865 2975 977 3043 perenni
997 2975 1053 3026 nire

176 3115 182 3136 ¹
195 3108 313 3168 Compare
325 3122 390 3167 note,
403 3112 444 3158 vii.
456 3115 491 3159 20.
509 3126 512 3132 ·

172 3169 227 3215 'As
240 3169 316 3214 rothe
329 3185 370 3216 use
382 3169 409 3216 of
421 3173 465 3225 vel,
477 3180 517 3218 see
530 3169 628 3228 Zumpt,
641 3168 715 3220 trel.

172 3225 314 3285 ³Literolly,
330 3227 375 3274 ‘its
387 3227 489 3276 surthest
501 3241 565 3288 parte
581 3229 642 3276 have
658 3244 720 3276 even
731 3227 791 3289 deep
803 3244 914 3278 recesses
924 3231 942 3288 ;’
955 3231 1009 3278 that
1025 3231 1052 3285 is,

146 3289 184 3334 ‘at
194 3287 224 3333 its
233 3285 363 3390 extremitp
370 3286 437 3334 there
447 3303 486 3334 are
495 3303 604 3336 recesses
614 3287 693 3334 which
702 3303 747 3335 run
755 3288 790 3336 far
799 3287 849 3335 into
858 3289 901 3336 the
910 3290 1052 3338 mountain!

144 3343 308 3450 anlleGpright
330 3359 381 3392 aso
401 3345 463 3394 have
484 3347 547 3394 been
565 3347 606 3432 the
622 3346 768 3395 accusative.
801 3347 847 3394 See
866 3348 948 3398 Grom.
967 3347 996 3400 lh
1012 3352 1055 3396 250

174 3460 237 3508 'See
248 3471 304 3510 note
315 3460 355 3509 rii.
367 3464 404 3510 32.
