2278 3846
472 257 564 300 uisse
584 259 613 300 v.
954 235 1009 301 105

84 365 213 420 Mennim
237 367 333 421 urbem
356 367 486 437 pervenit.
534 369 655 422 Catema
677 369 714 423 ibi
738 377 787 440 est,
811 387 846 424 ex
868 387 922 440 qua
949 369 1009 424 lons

87 438 226 504 ingentem
253 437 392 490 bituminis
419 438 472 490 vim
502 437 624 508 effundit,
648 439 724 509 adeo,
748 449 777 493 ut
803 441 868 494 satis
894 449 1006 509 constet,

87 505 252 586 babylonios
281 523 371 560 muros
400 507 515 575 ingentis
543 509 630 579 operis
659 507 739 578 hujus
767 509 847 562 fontis
873 509 1008 564 bitumine

88 577 221 628 interlitos
234 594 304 630 esse.

122 650 146 698 3.
167 643 292 699 Cet'erum
314 646 450 716 Babylona
470 645 622 717 procedenti
639 645 790 701 Alexandro
805 647 943 720 Mazaeus,
961 649 1007 720 qui

87 732 120 768 ex
134 717 195 768 acie
209 717 236 768 in
250 733 310 769 eam
322 717 416 769 urbem
429 717 583 785 confugerat
605 733 667 770 enin
679 717 777 770 adultis
789 717 879 771 liberis
896 719 1008 788 supplex

87 785 209 855 occurrit,
224 785 319 838 urbem
332 803 415 855 seque
427 785 537 840 dedens.
567 757 802 840 datusadventus
813 787 871 856 ejus
884 789 938 857 regi
948 788 1006 860 luit,

87 855 188 977 quippe
207 856 298 924 magni
316 856 404 925 operis
416 856 519 909 obsidio
537 856 624 910 lutura
642 865 698 910 erat
716 863 770 910 tam
790 857 909 910 munitae
926 857 1006 910 urbis.

87 924 128 978 Ad
176 941 208 977 oc
233 926 273 977 vir
297 925 414 994 illustris,
440 933 466 978 et
491 943 572 978 manu
600 936 747 996 promptus,
770 926 896 995 famaque
925 927 1008 980 etiam

88 995 209 1064 proximo
229 995 329 1064 proelio
349 995 480 1064 eelebris,¹
499 1004 526 1048 et
545 1003 649 1050 ceteros
667 996 701 1049 ad
721 995 885 1048 deditionem
906 996 945 1048 sui
969 996 1011 1048 in-

88 1063 219 1118 citaturus
242 1064 366 1135 exemplo
384 1065 532 1118 videbatur.
575 1065 656 1134 lgitur
674 1065 745 1118 hunc
764 1065 874 1137 quidem
892 1065 1008 1133 benigne

88 1150 151 1186 cum
171 1133 266 1188 liberis
289 1133 405 1203 excipit:
430 1143 550 1187 ceterum
573 1135 701 1204 quadrato
723 1134 839 1206 agmine,
860 1135 930 1205 quod
951 1136 1008 1205 ipse

88 1203 215 1271 ducebat,
235 1203 354 1256 velutin
374 1204 473 1257 aelem²
491 1204 567 1273 irent,
586 1205 688 1274 ingredi
708 1221 770 1258 suos
779 1205 870 1327 (pubet.
907 1204 1009 1272 Magna

88 1290 149 1343 pars
170 1273 378 1342 Babyloniorum
398 1275 562 1326 constiterat³
580 1274 605 1327 in
626 1275 716 1345 muris,
735 1275 777 1328 avi
797 1291 814 1327 a
832 1273 1009 1344 cognoscendi

88 1359 190 1396 novum
204 1360 304 1412 regem,
319 1343 407 1414 plures
423 1343 530 1397 obviarn
542 1343 643 1412 egressi
655 1353 724 1398 sunt.
760 1345 832 1398 luter
843 1361 910 1414 quos
927 1344 1009 1412 Rago-

88 1411 201 1484 phanes,
215 1413 285 1465 arcis
296 1422 323 1466 et
334 1414 429 1482 regiae
441 1413 573 1483 peeumae
590 1423 687 1484 custos,
701 1431 735 1467 ne
753 1414 842 1468 studio
860 1431 876 1466 a
895 1415 1010 1468 Mazaeo

89 1482 249 1550 vinceretur,
263 1491 348 1536 totum
361 1483 410 1534 iter
422 1483 530 1536 floribus
541 1483 707 1564 coronisque⁴
718 1493 904 1554 constraverat,
917 1500 1010 1552 ergen-

90 1552 141 1604 teis
153 1551 285 1606 altaribus
303 1560 414 1622 utroque
431 1552 515 1605 latere
533 1552 676 1622 dispositis,
689 1569 758 1623 qnae
775 1571 826 1607 non
845 1563 903 1607 ture
922 1552 1008 1624 modo,

92 1622 137 1675 sed
150 1621 278 1675 omnibus
289 1620 414 1676 odoribus
430 1623 622 1676 cumulaverat.
658 1623 734 1676 Dona
745 1640 808 1677 euin
821 1623 1008 1693 sequebantur,

90 1708 188 1760 greges
197 1707 324 1760 pecorum
332 1707 522 1760 equorumque,
533 1692 624 1746 leones
632 1708 739 1762 quoque
750 1702 777 1746 et
789 1694 913 1763 pardales
920 1691 1011 1745 caveis

89 1761 318 1830 praeferebantur.
354 1761 402 1814 Ma
422 1762 430 1813 i
453 1761 558 1831 deinde,
580 1779 628 1815 suo
651 1779 724 1815 more
745 1779 852 1815 carmen
873 1770 1001 1815 canentes

89 1843 148 1900 post
168 1829 220 1882 hos
238 1829 386 1900 Chaldaei,⁶
403 1779 663 1901 {abyloniorumque
684 1847 735 1884 nori
756 1839 832 1884 vates
851 1832 937 1898 modo,
961 1799 1009 1884 aad

88 1901 176 1953 etiam
201 1901 317 1953 artifices
340 1918 403 1953 cum
426 1899 525 1954 fidibus
548 1901 588 1952 sui
608 1901 714 1970 generis
733 1900 816 1954 ibant.
853 1901 959 1954 Laudes
983 1899 1010 1952 hi

88 1987 184 2039 regum
210 1986 308 2022 canere
332 1970 407 2040 soliti,
433 1970 562 2023 Chaldaei
591 1970 708 2023 siderum
736 1979 826 2023 motus
849 1979 875 2022 et
900 1979 1010 2022 statutae

88 2040 164 2092 vices
185 2047 337 2109 temporum
357 2039 506 2092 ostendere.
543 2039 656 2109 Equites
675 2039 774 2092 deinde
794 2039 940 2109 Babylonii,
963 2055 1010 2090 suo

87 2125 275 2180 equmumque
293 2109 367 2162 cultu
385 2107 420 2161 ad
438 2109 570 2162 luxuriam
582 2109 668 2178 magis
686 2125 769 2179 qnam
786 2108 820 2162 ad
840 2108 1010 2177 magnificen-

86 2179 155 2232 tiam
176 2178 291 2248 exacto,⁰
314 2178 400 2231 ultimi
424 2179 506 2232 ibant.
543 2180 607 2248 Rex,
629 2179 739 2232 armatis
762 2179 882 2260 stipatus,
902 2176 1010 2248 oppida·

86 2265 186 2302 norum
211 2249 315 2302 turbam
339 2256 397 2318 post
420 2247 528 2301 ultimos
550 2248 655 2318 pedites
679 2248 716 2301 ire
737 2247 832 2372 presit:
860 2249 920 2371 <ipse
944 2264 1007 2302 oum

86 2320 178 2371 currul
190 2317 292 2387 urbem,
305 2335 338 2371 ae
350 2317 449 2371 deinde
467 2318 566 2386 regiam
586 2318 700 2371 intravit.
758 2327 845 2372 ostero
880 2320 905 2371 ie
923 2317 1010 2388 supel-

85 2387 210 2440 lectilem
223 2387 302 2444 Darei
314 2395 342 2440 et
353 2405 461 2440 omnem
474 2387 614 2458 pecuniam
627 2389 784 2457 recognovit.

53 2453 56 2464 ’
121 2463 149 2510 4.
169 2457 295 2510 Ceterum
308 2457 393 2527 ipsius
411 2457 485 2510 urbis
497 2457 665 2528 pulchritudo
684 2475 717 2510 ac
735 2465 861 2529 vetustas,
874 2475 925 2511 non
939 2458 1010 2526 regis

85 2526 177 2596 modo,
199 2525 248 2579 sed
267 2527 349 2580 etiam
368 2526 489 2580 omnium
513 2528 604 2580 oculos
624 2529 651 2581 in
672 2536 758 2581 semet
778 2527 850 2582 haud
875 2527 1008 2581 immerito

85 2597 240 2649 convertit.⁸
283 2595 438 2650 Semiramis
467 2613 528 2650 earn
558 2597 720 2666 condiderat,
746 2615 805 2668 non,
829 2607 858 2650 ut
887 2597 1008 2667 plerique

85 2719 165 2766 rivers
177 2717 228 2766 still
240 2716 298 2777 kept
309 2716 373 2766 their
388 2727 498 2776 separate
509 2732 617 2775 coursse,
630 2717 723 2779 though
739 2717 780 2765 the
796 2732 894 2777 process
910 2716 938 2765 os
949 2731 1006 2764 oon·

85 2777 187 2826 nection
198 2776 245 2824 had
256 2778 344 2838 began.

17 2868 19 2872 -
115 2843 123 2866 ¹
136 2833 159 2884 F
160 2852 187 2884 or
197 2838 288 2885 celeber.
321 2835 367 2884 See
382 2835 462 2884 Grani.
474 2835 488 2887 i
499 2838 537 2885 86.

87 2959 93 2983 ι
104 2899 126 2966 ,²
136 2899 143 2922 ⁸
153 2895 210 2944 luto
228 2895 302 2943 battle
312 2894 328 2952 ;'
340 2895 485 2976 ,equivalent
496 2903 521 2943 to
536 2897 568 2944 od
574 2911 690 2958 pugnum,
704 2896 730 2942 in
740 2893 873 2955 proelium
891 2891 1005 2954 literelly‚

103 2956 341 3102 ¹?t‘olfatdtsdaiirordgd
353 3012 500 3062 themselves
508 3013 524 3071 3'
538 3013 589 3062 that
601 3013 630 3070 is,
647 3017 725 3059 ‘were
736 3009 866 3072 standing!

115 3073 1004 3237 ⁸{eliewii'dslfs‘ddstfili'e‘l’ersianreligionvverecalledMupiwlthoBaby·

85 3193 179 3249 lenton,
218 3191 341 3240 haldenne.
374 3191 457 3239 These
475 3190 621 3258 letterwere
637 3187 774 3258 celebrated
799 3205 827 3238 or
842 3189 904 3238 their
919 3190 1004 3238 linovr·

86 3251 160 3314 ledge
171 3250 201 3299 of
208 3261 354 3326 astronomy.
372 3249 442 3320 ,The
449 3267 540 3318 carmen
548 3249 629 3297 which
640 3247 681 3316 the
694 3245 761 3310 Magi
772 3265 833 3312 sang
841 3265 892 3299 was
901 3250 1005 3356 perhaps

86 3329 133 3381 one
145 3311 175 3359 os
183 3309 254 3358 those
266 3309 319 3370 lays
330 3309 410 3358 which
421 3309 483 3356 their
493 3317 705 3368 representatives,
718 3308 759 3356 the
772 3306 901 3359 Perseeso
926 3308 1004 3366 tuda,

86 3370 291 3478 stqllcpllppqqthor
301 3425 424 3487 evidently
435 3425 527 3486 praises
537 3427 719 3490 magnificentiis,
732 3428 775 3476 but
786 3426 880 3476 blames
891 3429 996 3478 tricario.

116 3487 405 3597 :pppgqnvipqqpefflo
413 3544 476 3594 their
482 3543 666 3593 astonishment.
684 3541 737 3593 Our
743 3541 852 3594 author's
859 3543 1004 3604 description
