2322 3850
515 257 608 299 arses
627 259 670 300 ιιι.
1006 247 1045 300 23

131 367 269 420 manentis
284 367 391 422 alveum
410 367 540 422 ιιιιιιοιιιιι
559 367 648 436 itaque
666 368 837 438 incorruptos,
851 367 979 438 idemque
997 368 1042 421 lri·

130 436 296 506 girlissimus,
317 437 414 506 quippe
436 437 521 488 multe
545 437 659 506 riparum
683 439 842 490 amoenitate
867 437 1041 507 inumbratos,

131 505 232 576 ubique
250 505 369 559 lontibus
386 507 441 558 suis
457 505 554 558 similis
577 506 603 558 in
628 521 701 557 ruere
719 507 816 558 eredit.
860 507 948 559 Mults
966 508 992 559 iu
1010 525 1043 559 ea

131 575 565 698 tglttettltltttett
580 574 752 696 &lilii
766 576 1043 698 lilil⁸⁸2i¹⁰liil

131 661 239 784 qulbus
261 729 363 782 specus,
385 723 411 764 et
431 695 572 781 Coryciurir
596 661 699 782 tlemus,
723 713 768 766 ubi
790 663 896 767 eroousr'n
919 663 1040 784 gignitur,

132 793 285 852 ceteraque,
300 782 434 850 inquibus
446 781 510 834 nibil
523 790 626 849 praeter
639 781 738 834 lamam
751 781 899 836 duraverat.

171 858 210 904 11.
231 852 381 917 Alexander
392 851 485 903 lauces
495 851 559 920 jugi,
569 867 638 920 quae
651 851 734 920 Pylae
746 851 918 920 appellantur,
928 853 1040 922 intreyit.

132 921 332 989 Contemplatus
350 921 465 972 locorum
483 921 573 990 situm,
591 937 642 973 non
659 921 726 972 elias
744 920 840 988 magis¹
851 920 1041 974 dieituradrni·

47 991 51 998 '
132 989 207 1042 rstu‘s
224 1007 285 1042 esse
303 989 455 1042 felicitatem
469 1005 559 1040 suern:
578 989 651 1043 obrui
667 989 785 1059 potuisse
798 989 841 1042 rel
853 990 924 1042 sexis
935 991 1041 1042 confite·

132 1057 215 1127 betur,
240 1059 262 1110 si
282 1059 403 1128 luissent,
424 1059 469 1127 qui
490 1061 517 1111 in
537 1060 683 1112 subeuntes
701 1057 886 1130 propellerent.
928 1059 981 1111 lter
997 1060 1041 1112 viu

130 1130 284 1196 quernos*
293 1127 418 1196 capiebat
428 1137 558 1180 armatos:
577 1129 684 1181 domum
697 1129 793 1181 montis
805 1127 962 1180 imminebat
973 1129 1039 1197 viee,

129 1213 181 1249 non
194 1194 324 1264 angustas
336 1197 422 1266 mode,
435 1197 483 1249 sed
500 1197 657 1267 plerumque
675 1206 841 1268 praeruptae,
855 1197 955 1250 crebris
967 1197 1041 1250 ober-

132 1267 252 1319 rantibus
265 1267 347 1335 rivis‚⁶
358 1266 402 1334 qui
421 1283 456 1318 ex
473 1265 608 1320 radicibus
624 1269 754 1320 montium
771 1273 889 1320 manent.
925 1265 1040 1319 Threces

132 1344 222 1388 temen
240 1335 333 1388 leuiter
342 1344 460 1388 armatos
471 1336 630 1404 praecedere
641 1337 761 1406 jusserat,
775 1337 939 1406 scrutarique
950 1336 1039 1401 calles,

129 1421 165 1458 ne
184 1405 307 1456 occultos
326 1404 409 1456 bostis
428 1407 454 1456 in
475 1403 620 1457 subeuntes
643 1414 800 1474 erumperet.
844 1405 1040 1474 Sagittariorum

130 1489 237 1542 quoque
249 1490 346 1526 manus
357 1485 533 1542 occupaverat
544 1473 638 1542 jugum
646 1474 665 1526 :⁸
682 1475 795 1527 intentos
807 1491 885 1528 arcus
896 1475 1038 1542 habebant,

129 1544 231 1612 moniti,
246 1559 299 1596 non
315 1543 364 1594 iter
375 1543 446 1611 ipsos
458 1543 531 1611 inire,
546 1543 592 1594 serl
611 1543 748 1612 proelium.
785 1544 841 1596 Hoc
854 1545 931 1596 modo
943 1561 1038 1612 agmen

164 1613 251 1664 rvenit
262 1612 296 1664 ed
308 1611 402 1664 urbem
419 1612 538 1682 Τοιιιοιι,7
550 1612 593 1664 cni
606 1621 663 1665 turn
674 1613 791 1666 maxime
807 1614 904 1666 Persae
916 1612 1039 1682 subjicie-

127 1629 192 1734 ἔοι
205 1683 305 1750 ignem,
318 1696 352 1733 ne
364 1679 519 1760 opulentum
527 1681 655 1750 oppidum
667 1681 749 1735 bostis
760 1682 906 1734 invaderet.
937 1684 973 1734 At
985 1681 1038 1750 ille,

127 1751 305 1804 Parmenione
323 1750 357 1802 ad
376 1749 551 1803 inhibendum
569 1749 722 1803 incendium
740 1767 802 1804 curn
821 1751 946 1820 expedita
959 1768 1039 1804 rneriu

127 1820 284 1887 praemisso,
300 1827 439 1888 postquem
457 1818 582 1872 barbaros
599 1819 716 1872 adventu
734 1835 841 1874 suorum
859 1819 963 1888 fugatos
979 1835 1039 1872 esee

126 1888 259 1956 cognovit,
273 1889 368 1941 urbem
380 1905 396 1940 s
407 1905 438 1940 se
449 1896 633 1940 conservatam
646 1889 733 1940 intret.

166 1962 206 2010 12.
225 1956 352 2029 Medium
368 1957 476 2026 Cydnus
493 1957 588 2025 aronis,
601 1956 635 2009 de
647 1973 698 2025 quo
710 1955 788 2026 paulo
799 1966 862 2010 ante
874 1957 977 2010 dictem
990 1969 1038 2026 est,

126 2027 262 2094 interfluit,
283 2037 310 2078 et
328 2036 391 2078 tnnc
407 2037 496 2078 aester
516 2035 580 2093 erat,
599 2025 677 2095 eujus
694 2025 765 2078 cslor
781 2041 834 2078 non
852 2026 933 2080 eliam
953 2029 1039 2095 magis

125 2113 211 2166 quarn
228 2095 339 2149 Ciliciae
354 2104 429 2149 oram
444 2111 541 2164 vapore
559 2095 620 2151 eolis
636 2095 767 2164 accendit,
781 2101 808 2148 et
823 2094 878 2148 diei
895 2096 1037 2150 fervidissi-

124 2181 204 2236 murn
216 2175 324 2234 tempus
334 2165 496 2244 exceperat.⁸
524 2163 636 2216 Pulvere
650 2164 728 2218 simul
740 2181 773 2217 ac
785 2165 880 2218 sudore
892 2165 1040 2235 pertusqu

126 2249 221 2304 regem
245 2235 365 2288 invitavit
388 2233 474 2303 liquor
495 2233 618 2302 fluminis
640 2243 668 2286 ut
692 2234 809 2287 calidum
832 2235 920 2288 adhuc
944 2252 1038 2304 corpus

125 2303 258 2358 ablueret.
301 2305 395 2373 ltaque
413 2311 487 2354 veste
505 2302 626 2382 deposita
643 2305 669 2356 in
686 2313 830 2374 conspectu
849 2305 963 2374 agminis
982 2305 1038 2375 (de-

31 2375 38 2390 '
125 2389 218 2428 corum
237 2379 341 2442 quoque
354 2373 470 2426 loturum
485 2382 563 2440 ratus,
576 2391 599 2426 sr
611 2371 770 2426 ostendisset
782 2375 844 2440 suis,
858 2375 911 2428 levi
923 2383 950 2426 et
963 2390 1037 2444 pere·

124 2441 173 2496 bili
184 2443 258 2497 cultu
271 2443 406 2512 corporisP
419 2458 448 2493 se
461 2459 520 2493 esse
537 2442 709 2512 contentum),
723 2442 861 2498 descendit
880 2445 908 2496 in
925 2444 1037 2498 flumen.

125 2513 232 2582 Vixque
250 2513 360 2580 ingressi
379 2511 465 2566 subito
483 2510 586 2563 horrore
601 2521 672 2567 artus
688 2513 772 2580 rigere
790 2522 941 2583 coeperunt,
955 2513 1038 2582 pellor

155 2621 163 2644 ¹
175 2617 200 2662 A
211 2613 258 2663 fine
270 2629 313 2662 use
324 2613 353 2661 cf
364 2614 405 2661 the
416 2612 578 2680 subjunctive.
612 2613 658 2660 See
672 2613 751 2680 Gram.
761 2614 775 2664 l
784 2617 836 2669 360,
849 2619 870 2664 3.

154 2673 239 2722 'Both
250 2674 332 2733 places
343 2687 382 2720 ere
394 2671 533 2740 mentionerl
544 2673 576 2732 by
588 2671 720 2740 Homer'rn
735 2673 776 2721 the
792 2673 854 2721 Iliad
870 2689 896 2721 es
913 2673 985 2733 being
1001 2673 1036 2720 in·

126 2733 226 2782 babiterl
236 2733 410 2792 by-Gilicians;
429 2730 475 2779 and
491 2730 540 2778 thrs
556 2731 577 2780 is
592 2730 625 2778 all
640 2731 703 2779 their
712 2732 815 2790 poeticel
826 2732 951 2790 celebrity.
983 2731 1036 2780 Bri-

125 2793 184 2848 seis,
196 2792 238 2840 the
250 2791 351 2840 beloved
362 2789 389 2838 ol
397 2789 516 2844 Achilles,
529 2803 579 2838 was
591 2806 605 2838 e
615 2791 694 2838 native
706 2789 734 2838 of
745 2790 889 2850 Lyrnessus.

155 2855 166 2880 ¹
177 2851 225 2898 ‘At
237 2863 268 2898 no
278 2851 347 2898 other
358 2850 416 2898 time
428 2864 494 2897 more
503 2849 519 2906 ;’
537 2849 629 2905 thetis,
643 2849 774 2909 especially
784 2864 816 2896 on
827 2847 879 2896 tlrut
890 2849 1008 2897 occasion.

154 2915 164 2938 ⁴
177 2911 247 2980 “The
256 2909 313 2991 petlp
322 2909 430 2968 scarcely
438 2907 567 2968 permitted
578 2908 631 2956 seur
640 2908 722 2956 urmed
730 2923 787 2955 men
796 2917 820 2954 to
829 2910 910 2955 march
920 2911 1034 2967 ubreast,'

124 2985 153 3018 or
166 2975 299 3018 ‘rnarova

154 3036 163 3060 ⁸
175 3034 181 3055 ¹
191 3027 332 3076 Numerous
342 3026 443 3076 rivulets
454 3027 561 3086 mseting
573 3027 613 3074 tlre
625 3025 738 3074 traveller
748 3025 805 3074 here
817 3025 863 3074 and
874 3027 958 3076 there!

152 3093 162 3118 ⁸
174 3088 241 3136 That
252 3088 281 3141 is,
297 3087 358 3135 ‘had
370 3089 432 3134 been
442 3096 496 3134 sent
507 3086 599 3133 totale
611 3084 788 3144 possessiones
799 3085 841 3134 the
852 3085 967 3149 heights.’

154 3147 238 3195 'Also
252 3146 359 3194 Turrem.
391 3146 438 3194 See
451 3145 532 3192 Grom.
544 3145 557 3194 l
567 3148 605 3199 58,
618 3153 674 3190 note
685 3146 707 3190 6.

136 3265 141 3275 Ι
151 3211 161 3236 ⁸
174 3205 243 3254 ‘Hed
255 3207 335 3313 bepun
344 3207 360 3264 ;’
374 3205 486 3264 literelly,
500 3203 559 3252 ‘hed
570 3201 699 3258 received,’
710 3217 737 3251 or
747 3202 892 3261 ‘followedss
903 3205 943 3254 the
955 3205 1031 3254 coelet

124 3264 374 3385 mllll'lslstlltlutlelple
391 3325 412 3372 is
427 3321 560 3382 applicabis
575 3319 632 3380 only
645 3330 671 3368 to
685 3322 726 3371 the
742 3323 814 3370 letter
824 3323 990 3380 substantive3
1008 3334 1028 3370 ιι

123 3383 165 3431 the
182 3383 272 3443 former
284 3400 321 3432 we
337 3394 402 3432 must
418 3381 531 3441 supplys
545 3393 610 3428 more
626 3383 722 3442 general
737 3392 809 3438 term,
825 3381 960 3436 ‘covered,’
976 3383 1028 3430 ‘be-

123 3439 512 3550 fflffl⁶sssswsv⁶⁰zumpll⁷⁷⁵¹
