2294 3842
486 225 578 267 arara
597 227 628 267 x.
949 211 1007 269 828

94 333 265 404 imperiuam
286 335 363 390 Absit
379 334 458 388 modo
476 335 582 404 invidia,
596 334 712 406 excipiet
729 336 809 406 hujus
826 336 927 390 saeculi
938 344 1006 390 tern-

95 419 161 474 pora
182 403 306 472 ejusdem
325 405 544 458 domus·utinam
564 414 699 474 perpetua,
716 416 788 459 certe
807 407 931 459 diuturna
983 425 1006 459 s·

94 474 209 526 teritus.¹
244 473 379 544 Ceterum,
399 483 429 528 ut
448 474 482 528 ad
502 474 628 544 ordinem,
649 492 665 527 a
685 491 801 544 quomo
822 483 945 546 contemp
955 477 1006 529 atio

94 542 224 612 publicae
236 543 371 597 felicitatis
380 551 519 612 averterat,
533 543 648 613 redeam,
662 544 790 597 Perdicca
807 545 913 598 unicam
931 560 1006 615 spem

95 611 192 666 salutis
204 627 268 665 mae
281 614 307 665 in
319 613 450 682 Meleagri
462 621 545 666 morte
558 613 721 682 deponebat:
741 630 839 666 vanum
851 615 967 668 eundem
979 623 1007 669 et

97 681 219 750 infidum,
239 681 412 752 celeriterque
431 699 474 735 res
493 691 658 752 novaturum,
677 692 704 735 et
723 683 773 736 sibi
792 683 909 735 maxime
927 684 1007 737 iulos·

96 760 156 804 tum
180 751 367 821 occupandum
390 767 458 805 ease.
494 752 545 805 Sed
565 751 620 804 alta
639 751 846 806 dissimulatione
866 753 1006 808 consilium

96 821 245 890 premebat,
260 829 289 874 ut
299 822 458 892 opprimeret
470 820 616 875 incautum.
653 822 721 890 Ergo
739 821 810 874 clam
826 821 954 890 quosdam
972 839 1008 878 ex

96 891 190 959 copiis,
204 890 303 959 quibus
320 899 447 960 praeerat,
467 891 626 960 subornavit,
645 900 681 959 ut,
701 891 777 960 quasi
794 891 922 959 ignoraret
941 891 1005 962 ipse,

96 969 321 1028 conquererentur
332 960 428 1030 palam,
442 959 609 1028 Meleagrum
627 970 771 1029 aequatum
782 977 841 1012 esse
854 960 1005 1013 Perdiccae.

95 1029 216 1088 Quorum
229 1043 350 1082 sermone
363 1030 503 1098 Meleager
512 1029 546 1082 ad
559 1048 588 1082 se
601 1029 691 1098 relato,
704 1029 794 1082 furens
812 1031 850 1081 ira
862 1029 1006 1082 Perdiccas

95 1113 167 1167 quae
191 1099 363 1168 comperisset
386 1099 502 1168 exponit.
538 1098 595 1168 Ille,
619 1099 692 1152 velut
715 1115 783 1151 nova
807 1115 834 1150 re
858 1101 998 1152 exterritus

95 1167 231 1236 admirari,
245 1169 327 1238 queri,
341 1168 507 1238 dolentisque
526 1170 645 1239 speciem
662 1177 794 1220 ostentare
813 1168 838 1220 ei
851 1185 898 1220 coe
919 1171 953 1237 ῆς
970 1139 1006 1222 ad

96 1235 222 1290 ultimum
253 1239 384 1308 convenit,
410 1246 439 1290 ut
468 1237 754 1307 comprehenderentur
779 1249 835 1290 tam
865 1185 1006 1290 seditiosae

95 1307 172 1358 vocis
194 1315 325 1360 auctores.
361 1307 424 1376 Agit
444 1307 583 1374 Meleager
604 1308 710 1377 gratias,
730 1307 923 1377 amplexusque
944 1308 1006 1360 Per·

94 1375 202 1428 dicaam
220 1375 301 1429 fidem
318 1376 377 1456 ejus
393 1377 419 1429 in
437 1393 466 1428 se
484 1393 517 1428 ac
534 1376 741 1430 benivolentiam
759 1375 899 1428 collaudat.
935 1377 1006 1430 Turn

95 1447 233 1498 communi
268 1446 378 1500 consilio
414 1446 543 1498 rationem
578 1445 743 1516 opprimendi
777 1445 870 1498 noxios
904 1447 1004 1499 ineunt.

95 1513 190 1567 Placet
202 1516 349 1568 exercitum
361 1515 445 1596 patrio
463 1532 536 1569 more
553 1515 677 1568 lustrari.2
711 1516 746 1568 Et
763 1514 906 1585 probabilis
924 1531 1006 1568 causa
1040 1563 1041 1566 ,

95 1583 236 1637 videbatur
258 1593 398 1653 praeterita
421 1584 558 1638 discordia.
595 1584 776 1639 Macedonum
799 1601 875 1653 reges
894 1585 930 1636 ita
953 1585 1006 1638 lus·

95 1660 165 1705 trare
178 1653 248 1705 soliti
261 1662 335 1707 erant
347 1654 454 1721 milites,
468 1664 496 1707 ut
514 1654 641 1707 discissae
659 1655 734 1706 oanis
751 1654 853 1708 viscera
864 1653 958 1707 ultimo
977 1655 1004 1707 in

94 1738 199 1792 campo,
213 1723 239 1775 in
252 1739 334 1792 quern
346 1724 521 1777 deduceretur
532 1725 671 1789 exercitus,
684 1723 719 1776 ab
736 1731 847 1792 utraque
860 1722 1005 1792 abjicerent

94 1801 179 1914 plrlarte,
199 1793 267 1914 lilla
285 1792 310 1844 id
330 1794 445 1864 spatium
462 1794 557 1846 armati
575 1809 668 1846 ornnes
686 1800 792 1860 starent,
812 1791 874 1845 hinc
892 1793 1003 1861 equites,

94 1877 105 1914 r
127 1878 170 1914 nro
220 1877 308 1914 aanx.

131 1879 286 1999 aeditaque
299 1949 330 1984 eo
342 1928 394 2001 die,
407 1948 489 2000 quem
501 1930 563 1984 huic
576 1948 649 1984 sacro
667 1931 871 1995 destinaverant,
886 1945 931 1982 rex
942 1947 1005 1984 oum

95 1999 230 2069 equitibus
248 2000 447 2070 elephantisque
466 2000 617 2054 constiterat
636 2009 726 2053 contra
742 1999 864 2070 pedites,³
875 1999 934 2067 quis
946 1999 1005 2051 Me-

96 2068 188 2138 leager
199 2078 327 2138 praeerat.
363 2071 424 2124 Jarn
437 2080 559 2138 equestre
577 2087 672 2138 agmen
685 2070 847 2136 movebatur,
861 2078 887 2120 et
900 2068 1005 2137 pedites

96 2138 185 2192 subita
204 2137 344 2192 formidine
361 2141 395 2194 ob
414 2148 549 2192 recentem
562 2139 731 2208 discordiam,
744 2138 815 2192 haud
834 2154 898 2190 sane
916 2139 1003 2206 pacati

95 2209 240 2276 quicquam
260 2218 439 2278 expectantes,
453 2225 594 2278 parumper
605 2208 801 2276 addubitarem,
815 2209 860 2260 an⁴
871 2207 896 2259 iri
910 2207 1004 2260 urbem

96 2277 276 2331 subducerent
302 2279 406 2347 copias:
432 2277 530 2346 quippe
557 2295 602 2347 pro
628 2277 763 2346 equitibus
789 2276 912 2347 planities
938 2286 1003 2330 erat.

96 2347 221 2401 Ceterum
239 2344 324 2417 veriti,
337 2365 371 2400 ne
392 2357 491 2400 temere
510 2346 720 2400 commilitonum
737 2347 818 2400 fidem
837 2346 1002 2415 damnarent,

97 2415 245 2485 substitere,
266 2417 428 2486 praeparatis
447 2416 481 2468 ad
501 2415 682 2469 dimicandum
702 2415 805 2485 animis,
827 2416 848 2470 si
868 2415 929 2485 quis
948 2416 1004 2469 vim

96 2485 214 2540 inferret.
249 2486 312 2539 lam
322 2487 429 2554 agmina
444 2485 557 2556 coibant,
570 2503 735 2556 parvumque
753 2485 917 2539 intervallum
938 2494 1002 2556 erat,

97 2554 168 2624 quod
188 2555 276 2608 aciem
295 2564 434 2624 utramque
454 2555 593 2608 divideret.
628 2556 721 2624 ltaque
743 2573 787 2608 rex
806 2573 869 2608 cum
889 2572 942 2607 una
961 2555 1004 2606 ala

97 2622 251 2693 obequitare
269 2623 402 2694 peditibus
420 2624 527 2694 coepit,⁵
543 2624 689 2678 discordiae
707 2633 836 2692 auctores,
852 2641 918 2692 quos
935 2623 1003 2677 tueri

98 2692 154 2762 ipse
179 2693 302 2762 debebat,
326 2693 450 2746 instinctu
469 2694 613 2748 Perdiccae
636 2693 670 2745 ad
690 2693 820 2762 supplicia
839 2691 1001 2760 deposcens:

97 2760 302 2831 minabaturque
313 2779 408 2816 omnes
425 2771 525 2816 turmas
542 2779 604 2815 eum
622 2761 770 2830 elephantis
786 2759 954 2814 inducturum
973 2777 1003 2814 se

129 2927 137 2952 ¹
150 2921 211 2970 ‘Let
222 2922 266 2969 but
277 2936 340 2981 envy
351 2921 381 2968 be
397 2920 433 2969 far
443 2937 520 2982 away,
534 2920 592 2968 then
606 2918 648 2966 the
664 2917 822 2966 descendants
838 2916 867 2967 ol
877 2919 919 2968 the
935 2937 1003 2970 same

101 2981 177 3030 house
189 2980 238 3036 (the
249 2980 324 3029 house
333 2980 361 3028 ol
368 2979 409 3028 the
421 2979 435 3028 J
438 2980 488 3036 ulii)
495 2979 544 3027 will
553 2978 609 3026 take
618 2993 649 3038 up
658 2977 698 3026 the
707 2977 779 3026 tirnes
786 2978 814 3026 of
819 2978 868 3026 this
877 2982 1004 3042 century3'i

101 3041 152 3091 that
164 3040 193 3096 is,
207 3039 263 3088 take
275 3055 306 3098 up
318 3038 363 3087 aud
374 3040 487 3088 continue
498 3040 571 3087 thern.
825 3082 827 3088 ,

128 3105 139 3131 ⁹
150 3099 231 3147 ‘That
243 3098 285 3146 the
296 3112 364 3157 army
375 3097 464 3146 should
474 3101 504 3146 be
514 3095 614 3166 purified
622 3097 639 3154 ;’
658 3111 673 3144 a
687 3095 800 3156 religione
811 3097 950 3159 solemnity,
963 3115 1001 3148 ac·

100 3156 286 3268 Mmpmiirin⁰s
292 3159 457 3264 plqprbqtbya
471 3172 573 3226 rentem
591 3155 691 3204 whence
702 3171 717 3204 a
727 3157 838 3206 lustratio
853 3160 965 3208 exercitos
982 3157 1003 3206 is

135 3232 168 3266 en
180 3232 210 3264 no
239 3232 247 3263 1
409 3232 528 3266 arevrevr.

129 3274 190 3322 ²⁴0
208 3231 286 3336 positge
297 3283 322 3322 tc
333 3274 374 3322 the
385 3274 504 3334 infantry!

128 3332 890 3455 ::aamnemamnemmo
905 3333 953 3384 r·
1002 3403 1004 3408 ψ
