2274 3844
478 257 569 296 traua
590 257 641 296 vrr.
960 238 1016 296 197

101 369 158 418 tam
170 363 300 432 barbaris,
310 351 594 433 quam'Maeedonibus
605 375 709 433 gratum
722 365 913 435 spectaculum.
943 365 1015 418 Tum

102 435 277 504 Spitamenes,
294 437 326 487 Et
347 444 380 502 te,
394 434 487 503 inquit,
501 445 527 487 et
549 437 673 504 Dareum,
688 453 763 503 reges
783 453 864 506 meos,
883 435 961 504 ultus,
975 435 1014 488 iu·

102 504 274 556 terfectorem
289 504 389 556 domini
407 505 447 556 sui
465 505 570 573 adduxi,
585 522 616 556 eo
636 505 713 556 modo
731 517 846 574 captum,
860 505 935 575 cujus
956 507 1014 574 ipse

100 573 168 625 fecit
188 574 350 642 exemplum.
388 574 498 694 Aperiat
516 575 549 626 ad
575 574 626 626 hoc
650 575 831 644 spectaculum
854 577 945 628 oculos
963 577 1013 628 Da-

101 659 172 695 reus.
213 644 313 696 Existat
325 644 360 696 ab
380 645 406 696 in
419 645 479 710 eris,
493 646 538 712 qui
560 645 603 696 illo
624 643 754 712 supplicio
774 644 897 712 indignus
916 645 973 714 suit,
987 652 1014 696 et

99 712 153 766 hoc
172 713 265 765 solatio
277 713 373 780 dignus
386 723 435 764 est.
472 714 630 783 Alexander,
645 714 758 766 multum
771 713 918 768 collaudato
931 715 1013 783 Spita·

100 799 192 851 mene,
207 799 351 834 conversus
361 782 395 834 ad
410 783 528 851 Bessum,
542 785 630 853 Cujus,
644 784 737 852 inquit,
752 783 824 836 serae
837 784 924 836 rabies
935 801 1013 836 occu·

100 853 175 920 pavit
188 853 305 904 animum
320 862 402 920 tuum,
417 870 479 904 curn
493 871 583 920 regem
596 854 630 906 de
649 862 674 904 te
692 853 792 920 optime
806 855 931 906 meritum
943 855 1015 922 prius

101 921 213 990 vincire,
233 922 329 973 deinde
354 923 476 974 occidere
501 924 667 974 sustinuisti'l
703 923 752 974 Sed
779 923 859 992 hujus
882 922 1014 991 parricidii

100 991 261 1042 mercedem
279 991 345 1042 falso
366 995 434 1060 regis
456 993 561 1044 nomine
581 993 746 1061 persolvisti.¹
783 993 822 1045 lbi
841 992 885 1044 ille
910 991 1016 1045 lacinus

100 1077 216 1129 purgare
230 1077 281 1112 non
293 1078 380 1128 ausus,
396 1063 464 1129 regis
482 1063 588 1114 titulum
606 1079 635 1113 se
654 1064 790 1132 usurpare²
809 1063 882 1129 dixit,
904 1072 932 1114 ut
951 1079 1014 1129 gen·

100 1142 158 1182 tem
171 1147 249 1182 suam
263 1131 366 1182 tradere
386 1131 435 1199 ipsi
454 1134 550 1201 possit:
569 1133 613 1200 qui
634 1132 655 1183 si
674 1133 812 1195 cessaset,³
829 1132 913 1184 aliurn
932 1131 1014 1184 luisse

101 1215 217 1266 regnum
249 1211 446 1269 occupaturum.
490 1203 523 1254 Et
554 1201 705 1254 Alexander
733 1198 874 1270 Oxathren,
906 1202 1013 1254 fratrem

103 1269 192 1352 Dprei,
212 1287 295 1338 quem
314 1271 381 1322 inter
398 1272 512 1339 corporis
530 1272 653 1324 custodes
672 1269 795 1340 habebat,
816 1272 922 1341 propius
939 1271 1015 1340 jussit

100 1341 242 1407 accodere,
262 1339 384 1408 tradique
409 1341 518 1393 Bessum
544 1343 576 1408 ei,
602 1351 629 1393 ut
655 1344 725 1394 cruci
750 1341 861 1394 affixum
886 1341 1016 1394 mutilatis

101 1410 211 1460 auribus
231 1409 389 1478 naribusque
411 1412 512 1478 sagittis
533 1411 692 1478 conligerent
712 1412 823 1482 barbari,
837 1421 1015 1464 asservarent·

101 1495 154 1546 que
168 1495 272 1547 corpus,
284 1489 354 1530 utne
366 1497 431 1531 aves
442 1481 552 1549 quidem
564 1483 753 1548 contingerent.
784 1481 914 1536 Oxathres
926 1491 1016 1534 cetera

102 1549 150 1600 sibi
165 1565 248 1600 curae
261 1548 316 1600 lore
335 1549 486 1616 pollicetur:
506 1569 571 1602 ares
589 1567 638 1602 uon
657 1551 693 1603 ab
710 1552 769 1620 alio,
784 1569 864 1621 quam
878 1569 894 1603 a
906 1553 1014 1620 Catone,

102 1635 180 1686 posse
202 1618 334 1688 prohiberi
354 1619 453 1688 adjicit,
472 1619 600 1672 eximiam
619 1621 677 1689 ejus
695 1633 778 1674 artem
798 1625 909 1691 cupiens
926 1631 1013 1676 osten·

101 1688 183 1740 dere:
207 1706 323 1756 namque
343 1690 410 1740 adeo
430 1700 501 1741 certo
522 1691 575 1742 ictu
597 1689 739 1743 destinata⁴
762 1691 879 1759 feriebat,
902 1701 1016 1744 uteres

100 1775 210 1827 quoque
230 1759 384 1826 exciperet.⁵
419 1760 488 1812 Nam
509 1760 530 1810 si
551 1759 658 1812 forsitan
679 1761 818 1829 sagittandi
840 1772 895 1814 tarn
915 1762 1016 1815 celebri

102 1845 149 1878 usu
172 1827 263 1878 minus
280 1827 445 1880 admirabilis
460 1829 542 1880 videri
561 1847 603 1880 ars
622 1829 688 1881 haec
707 1831 807 1898 possit,e
819 1840 908 1884 tamen
922 1833 1016 1899 ingens

100 1897 253 1948 visentibus
271 1898 436 1965 miraculum,
457 1915 605 1966 magnoque
624 1897 712 1950 honori
733 1900 825 1952 Cateui
847 1901 903 1952 suit.
940 1901 1016 1954 Dona

101 1966 200 2018 deinde
220 1967 352 2035 omnibus,
370 1969 415 2034 qui
434 1968 543 2020 Bessum
564 1967 736 2034 adduxerant,
753 1969 815 2021 data
834 1978 903 2021 sunt.
939 1971 1016 2023 Cete-

101 2052 160 2088 rum
180 2035 339 2106 supplicium
359 2035 418 2107 ejus
436 2038 544 2106 distulit,
559 2045 586 2088 ut
599 2055 630 2088 eo
643 2038 707 2106 loco,
721 2039 746 2090 iu
760 2055 812 2108 quo
829 2040 945 2092 Dareum
958 2041 1016 2109 ipse

100 2106 244 2174 occiderat,
259 2115 405 2158 necaretur.
576 2111 579 2124 '

136 2181 177 2228 25.
198 2177 302 2228 Interea
314 2175 485 2245 Macedones,
499 2175 531 2246 ad
546 2175 690 2245 petendum
703 2178 830 2247 pabulum
844 2179 1016 2246 incomposito

99 2247 208 2314 agmine
228 2245 335 2314 egressi,
348 2263 364 2297 a
377 2245 500 2314 barbaris,
514 2247 559 2315 qui
577 2246 610 2298 de
629 2248 753 2316 proximis
772 2249 905 2301 montibus
923 2249 1015 2301 decur-

101 2326 198 2385 rerunt,
212 2316 401 2384 opprimuntur,
421 2317 560 2384 pluresque
576 2319 645 2385 capti
664 2325 724 2370 sunt
743 2335 823 2386 quam
841 2319 937 2371 occisi:
958 2319 1015 2372 bar·

99 2383 156 2438 bari
181 2393 271 2438 autem
307 2386 426 2454 captivos
449 2401 513 2455 prae
537 2403 565 2438 se
590 2397 706 2457 agentes,
734 2405 822 2441 rursus
846 2389 873 2442 in
897 2400 1015 2444 montem

100 2464 276 2508 recesserunt.
314 2456 361 2507 XX
380 2457 452 2507 milia
471 2456 706 2510 latronum⁷erant
744 2459 845 2512 Fundis
858 2460 1015 2528 sagittisque

131 2563 138 2584 ¹
150 2563 155 2582 ¹
167 2557 241 2604 Thou
251 2557 305 2605 hest
318 2558 443 2606 bestowed
459 2575 522 2618 upon
534 2560 627 2620 thysell'
635 2563 755 2623 (properly
768 2563 857 2622 ‘paid’)
869 2563 909 2611 the
921 2563 1015 2612 reward

88 2615 129 2666 of
141 2616 191 2664 this
202 2617 299 2664 murder
310 2617 333 2665 in
345 2617 386 2664 the
398 2617 456 2665 salse
468 2634 538 2666 name
549 2619 577 2667 ol
590 2621 664 2680 king!

112 2675 231 2782 h2‘Tppt
249 2676 279 2724 he
297 2677 411 2724 assumed
428 2677 474 2724 und
492 2679 562 2726 made
580 2696 623 2726 use
642 2680 670 2727 os
688 2681 728 2728 the
751 2681 803 2728 title
825 2681 853 2728 of
870 2680 937 2741 king,
957 2681 1015 2741 only

101 2744 163 2787 tat,
216 2751 237 2782 c.
1023 2780 1026 2786 .

129 2791 294 2852 ³llquivalent
303 2804 328 2842 to
337 2811 391 2842 num
399 2797 422 2842 si
430 2797 479 2856 ipse
487 2807 606 2846 cessasset.
636 2799 690 2846 The
700 2799 800 2846 relative
809 2799 851 2857 qui
859 2813 916 2854 may
924 2797 1015 2860 belong

99 2863 135 2908 to,
149 2853 196 2900 and
208 2854 268 2902 hare
280 2855 311 2902 its
322 2854 381 2901 verb
393 2855 416 2901 in
433 2855 510 2904 either
528 2857 568 2905 the
587 2857 639 2905 first
658 2873 684 2904 or
701 2857 800 2911 second,
814 2873 840 2903 as
852 2855 908 2903 well
927 2873 954 2904 as
971 2857 1013 2906 the

100 2910 165 2959 third
193 2929 271 2960 erson.
304 2913 368 2960 Here
381 2915 445 2961 what
462 2916 482 2963 is
499 2917 539 2962 the
557 2917 620 2964 third
636 2930 722 2975 person
739 2915 762 2962 in
779 2915 819 2962 the
836 2917 911 2962 oratio
921 2917 1014 2976 obliqua

100 2927 191 3038 would
194 2972 255 3020 have
266 2973 328 3020 been
340 2972 381 3019 the
392 2973 444 3020 first
456 2975 480 3022 in
492 2975 532 3022 the
545 2975 619 3023 direct
636 2974 740 3033 speech;
761 2973 811 3021 ‘lor
826 2972 847 3020 it
860 2972 871 3020 1
888 2973 935 3022 had
950 2976 1012 3024 been

99 3029 217 3137 (1ι11ῑιῑοῐτλῇ,1
227 3032 327 3138 anpther
338 3032 419 3138 wtould
432 3033 492 3081 have
504 3034 584 3082 seized
597 3035 637 3080 the
648 3033 824 3093 governmerrt.’

151 3095 156 3116 ¹
219 3107 233 3137 a
272 3106 346 3138 ewas
368 3095 493 3140 oarmat.¹

129 3156 138 3180 ⁸
150 3149 231 3196 ‘Thet
243 3151 272 3205 is,
285 3150 315 3197 he
327 3150 398 3198 could
410 3152 478 3212 bring
489 3152 561 3198 down
571 3151 637 3198 birds
647 3151 718 3199 when
728 3166 758 3198 cn
769 3151 811 3200 the
823 3153 904 3214 wing.’

127 3213 137 3238 ⁸
150 3208 292 3270 ‘Although
303 3209 415 3268 perhaps,
429 3210 580 3269 consideriug
592 3211 632 3257 the
644 3210 752 3269 frequent
763 3213 867 3270 practice
878 3213 906 3260 os
913 3212 1013 3274 archery

97 3267 133 3323 (in
144 3267 215 3314 those
227 3268 303 3328 days),
318 3269 365 3316 this
378 3269 435 3316 slrill
446 3285 502 3328 may
513 3285 580 3316 seem
592 3269 641 3317 less
652 3271 848 3332 extraordinary.¹
882 3272 919 3330 Si,
933 3289 959 3320 as
971 3272 1013 3322 the

98 3337 157 3376 next
169 3327 251 3378 clause
262 3328 283 3376 is
294 3328 435 3376 introduced
447 3331 478 3388 by
490 3338 575 3383 tamen,
589 3329 659 3376 takes
670 3329 711 3378 the
723 3345 793 3378 sense
805 3332 833 3379 cl
845 3334 897 3380 etsi.

126 3385 210 3434 'This
228 3387 248 3434 is
265 3387 306 3435 the
322 3398 384 3436 term
395 3385 492 3447 'always
508 3387 604 3446 applied
622 3389 646 3435 in
665 3387 761 3437 Roman
776 3391 876 3439 warlare
892 3400 918 3438 to
933 3391 1013 3441 rebels

98 3445 155 3494 who
170 3445 256 3506 fought
268 3447 371 3496 without
382 3463 429 3508 any
440 3447 535 3506 regular
544 3457 655 3508 system
673 3447 714 3496 the
726 3448 821 3498 French
835 3450 972 3510 ‘brigauds’
986 3467 1013 3501 or

98 3503 204 3566 Spanish
218 3506 363 3568 ‘guerillas’
778 3543 780 3548 -
