2306 3852
478 204 569 244 arasa
589 201 628 242 rr.
666 161 668 164 Ι
729 175 732 180 ’
948 187 1003 242 ltu

22 315 23 322 ’
105 314 182 370 linem
194 313 309 366 militiae
321 313 414 364 adesse
427 313 579 365 credebant.
615 313 1004 380 Haudsecusquamparerat

106 384 214 450 territus,
240 383 285 450 qui
314 381 391 434 Indos
418 393 498 450 atque
528 383 622 434 ultima
651 381 762 434 Orientis
784 397 923 449 peragrare
953 391 1004 434 sta·

105 454 215 521 ruisset,¹
232 451 379 522 praefectos
396 451 530 519 copiarum
549 453 573 504 in
592 451 748 521 praetorium
768 449 911 503 contrahit:
931 449 1004 502 obor-

105 525 188 591 tisque
212 519 336 599 lacrimis,
355 538 389 572 ex
413 520 499 572 merliu
522 521 619 588 gloriae
643 519 726 588 spatio
750 521 864 572 revocari
885 538 922 588 ee,
943 520 1004 572 victi

105 592 189 659 rnegis
206 590 411 658 quamrrctoris
435 588 567 642 fortunam
594 592 618 642 in
643 591 754 658 patriam
779 588 920 642 relaturum
944 605 1004 642 eun·

14 663 20 673 “
105 670 214 730 questus
232 671 280 727 est,
295 675 343 710 nec
361 659 410 710 sibi
428 659 560 726 ignaviam
579 659 694 711 militum
712 659 822 725 obstare,
837 658 882 709 sed
895 657 1004 712 deorum

106 731 241 797 invidiam,
260 729 305 796 qui
329 727 475 780 fortissimis
496 729 557 780 viris
581 728 698 780 subitum
718 727 817 796 patriae
842 727 1005 781 deeirlerium
1030 745 1032 752 ·

104 798 291 864 admovissent,
304 796 452 866 paulopost
471 797 496 850 in
515 797 628 850 eandem
647 814 709 849 curu
721 796 820 866 majore
833 795 910 848 laude
923 796 1005 850 fama·

105 885 155 938 que
181 866 324 918 redituris.²
365 865 436 918 Tum
459 883 521 918 vero
544 883 589 936 pro
612 883 641 918 se
667 866 776 934 quisque
800 882 815 916 o
853 881 906 918 ram
930 883 1005 920 suam

104 937 207 1004 offerre,
217 934 374 987 difficillima
385 951 507 1003 quaeque
520 951 635 1006 poscere,
645 935 761 1004 polliceri
775 934 812 988 mi
826 938 889 987 itum
902 951 1006 1004 quoque

104 1006 269 1074 obsequium,
289 1004 310 1055 si
333 1005 435 1056 animos
458 1021 549 1058 eorum
567 1005 619 1057 leni
638 1015 664 1057 et
682 1015 743 1073 opta
760 1003 876 1056 oratione
893 1003 1006 1072 permul-

105 1091 164 1127 cere
185 1075 321 1126 voluisset.
356 1074 499 1141 Nunquam
522 1073 647 1127 infractos
665 1083 692 1126 et
715 1073 833 1143 abjectos
857 1073 1006 1142 recessisse,

105 1145 225 1213 quotiens
244 1142 327 1212 ipsius
345 1142 509 1196 alacritatem
531 1153 556 1196 et
581 1143 647 1196 tanti
665 1142 747 1196 animi
767 1143 883 1212 spiritus³
902 1141 1006 1197 haurire

97 1213 259 1282 potuissent.
296 1212 335 1264 lta
352 1229 381 1264 se
400 1212 530 1266 lecturum
549 1229 608 1264 esse
628 1212 775 1281 respoudit:
792 1212 830 1265 illi
845 1212 922 1264 mode
934 1211 1006 1280 vulgi

104 1299 182 1334 aures
205 1289 392 1350 praepararent
416 1280 476 1334 sibi.
512 1282 633 1350 Satisque
656 1282 786 1350 omnibus,
807 1298 876 1350 quae
901 1282 925 1334 in
950 1299 1006 1336 rem

104 1351 263 1409 videbantur
283 1366 350 1418 eese,
363 1351 524 1419 compositis,
537 1352 623 1404 vocari
641 1351 674 1402 ad
693 1350 844 1404 contionem
861 1350 1007 1404 exercitum

103 1420 188 1490 jussit,
201 1420 273 1488 apud
285 1435 366 1488 quern
379 1418 460 1472 telem
472 1421 615 1474 orationem
630 1419 737 1474 habuitt

138 1495 162 1542 7.
176 1488 389 1556 Magnitudinem
400 1505 493 1558 rerum,
503 1491 717 1558 quaegessirnus,
726 1489 833 1558 milites,
845 1489 1008 1546 intuentibus

102 1558 186 1626 vohis,
199 1558 311 1610 minime
323 1559 418 1610 mirum
431 1569 479 1626 est,
492 1568 519 1611 ct
530 1558 691 1612 desiderium
703 1560 800 1628 quietis
818 1567 843 1612 et
852 1559 1008 1622 ¹satietatem

102 1626 201 1693 gloriae
213 1643 357 1680 occurrere.
393 1626 428 1680 Ut
442 1627 561 1682 omittam
580 1628 689 1697 Illyrios,
708 1628 844 1698 Triballos,
863 1628 1006 1701 Boeotiam,

103 1697 253 1763 Thraciam,
278 1695 404 1766 Spartam,
429 1696 558 1764 Achaeos,
582 1697 799 1766 Peloponnesum,
824 1715 932 1766 quorum
956 1698 1008 1752 alia

102 1765 182 1818 ductu
202 1782 272 1832 meo,
291 1765 343 1816 alia
360 1766 468 1834 irnperio
486 1767 655 1834 auspicioque
694 1766 820 1836 erdomui,
839 1784 902 1820 ecce
920 1785 1007 1822 orsum

27 1885 31 1894 ,
102 1834 204 1886 bellum
223 1834 259 1885 ab
276 1832 445 1902 Hellesponto
454 1836 472 1888 :⁴
489 1835 572 1898 Ionae,
592 1783 730 1888 Aeolirlem
750 1836 854 1888 servitio
872 1835 1008 1890 barbariae

102 1904 267 1972 impoterrtis⁵
278 1903 440 1972 exemimus,
453 1904 565 1971 Cariam,
579 1901 698 1972 Lydiam,
712 1903 914 1972 Cappadociam,
929 1905 1009 1975 Phry·

101 1974 183 2042 piam,
197 1971 412 2041 Paphlagoniam,
426 1973 618 2042 Pamphyliam,
632 1973 741 2040 Pisidas,
755 1972 882 2042 Cilic-iam,
896 1973 1006 2044 Syriam,

102 2042 263 2110 Phoenicen,
283 2043 443 2108 Armeniam,
463 2042 608 2110 Persidem,
627 2041 729 2103 Medos,
751 2040 912 2100 Parthienen.
927 2041 1009 2097 habe·

101 2129 163 2164 mue
183 2111 209 2162 in
231 2119 374 2180 potestate:
399 2111 489 2180 plures
508 2112 653 2178 provincias
671 2111 826 2181 complexus
843 2128 910 2177 sum,
929 2128 1009 2180 quam

101 2180 148 2232 alii
167 2181 248 2233 urbes
265 2188 397 2248 ceperunt,
411 2189 437 2232 et
453 2181 541 2232 neseio
559 2197 591 2232 an
610 2179 775 2234 enumeranti
793 2179 859 2232 mihi
877 2181 1009 2252 quaedam

101 2251 222 2318 ipsarum
242 2266 328 2302 rerum
349 2247 491 2302 multitudo
511 2249 672 2304 subduxerit.
708 2250 800 2318 ltaque
821 2249 844 2302 si
863 2250 1007 2320 crederem,

100 2320 166 2372 satis
180 2327 280 2370 certam
294 2335 353 2372 esse
365 2319 558 2388 possessionem
570 2327 703 2388 terrarum,
713 2336 780 2388 quas
789 2328 861 2371 tanta
869 2319 1008 2374 velocitate

100 2387 263 2455 domuimus,
278 2405 327 2454 ego
339 2388 420 2456 vero,⁶
432 2387 538 2456 milites,
550 2389 583 2440 ad
600 2398 709 2457 penates
726 2405 809 2457 meos,
823 2390 854 2440 ad
872 2398 1009 2457 parentem

98 2473 264 2524 sororesque,
282 2467 308 2508 et
325 2464 428 2508 ceteros
445 2458 525 2526 cives,
540 2457 581 2510 rel
600 2458 770 2512 retinentibus
782 2459 875 2527 robis,⁷
887 2475 1008 2530 erumpe·

99 2543 166 2594 reru,
181 2539 209 2578 ut
223 2526 268 2578 ubi
281 2526 445 2594 potissimum
459 2535 532 2595 parta
541 2527 676 2580 vobiscum
688 2527 766 2580 laude
775 2527 892 2594 etgloria
901 2529 1006 2598 fruerer,

98 2625 224 2675 drachmae
232 2625 303 2673 make
313 2635 408 2674 artarer
418 2643 513 2682 curma,
524 2643 551 2675 or
558 2627 615 2687 gold
626 2628 708 2686 piacet
720 2643 765 2675 one
775 2627 883 2676 hundred
890 2632 1009 2677 drachmae

98 2699 113 2730 a
123 2687 204 2741 minas
218 2686 284 2744 sixty
294 2687 378 2741 minae,
392 2701 418 2732 or
428 2687 466 2732 six
478 2687 596 2734 thousand
606 2690 734 2742 aramme,
747 2703 760 2734 a
771 2686 854 2734 talant.

130 2752 137 2772 ¹
149 2745 239 2792 ‘Since
250 2744 281 2791 he
292 2743 337 2792 hed
349 2744 478 2792 resolred.’
511 2745 557 2792 See
571 2746 651 2802 Graue,
664 2745 677 2798 h
689 2750 740 2801 360,
753 2749 775 2793 6.

127 2802 287 2862 2‘Althopgh
299 2803 328 2858 (il'
336 2803 393 2862 they
403 2803 444 2852 did
455 2815 496 2852 not
507 2805 561 2864 give
571 2821 625 2865 way
634 2815 659 2852 to
670 2805 718 2852 this
728 2803 823 2852 sudden
832 2801 938 2863 lenging)
949 2803 1007 2865 they

99 2863 183 2924 would
195 2878 255 2910 soon
267 2863 366 2917 return,’
380 2861 428 2909 dcc.

129 2921 276 2989 ³Literally,
292 2921 347 2968 ‘the
358 2921 517 2989 respiration’
534 2922 588 2970 ‘the
600 2921 684 2972 breath
694 2921 710 2978 ς’
723 2919 884 2980 liguratirely‚
897 2935 924 2970 es
939 2919 1006 2978 here,

101 2980 292 3035 ‘enthusiasm,'
308 2981 485 3030 ‘exortement.'

125 3045 136 3086 .⁴
151 3039 215 3121 ‘Lep
224 3055 252 3086 us
263 3039 318 3086 loolr
326 3038 382 3098 only
391 3049 414 3086 at
424 3039 568 3107 thelpresent
578 3055 635 3091 war.
647 3037 701 3108 how
710 3037 728 3084 it
739 3038 816 3097 began
826 3036 887 3088 srom
895 3039 936 3088 the
947 3039 1005 3089 Hel.

98 3099 223 3204 lesppppe
235 3097 758 3225 dffscyihtiingsoiteieriirigritiislhiiihiiililgrians!
786 3155 900 3220 Inpotens
913 3157 1007 3219 (supply

97 3219 157 3272 aar),
172 3231 218 3264 one
230 3216 286 3262 who
296 3225 382 3263 cannot
394 3215 486 3263 control
500 3215 538 3264 hre
552 3231 607 3263 own
617 3229 741 3273 passrous;
759 3214 814 3264 here
826 3218 931 3277 opposed
942 3227 966 3265 to
977 3233 1008 3266 au

14 3315 15 3324 ,
97 3276 225 3338 imperium
235 3275 553 3340 moderatumetlegitiruem.
586 3273 695 3320 Observe
707 3273 747 3322 the
758 3290 840 3322 names
851 3275 880 3323 of
886 3277 1010 3326 countriee

97 3335 147 3393 and
159 3332 189 3381 of
201 3331 597 3436 nationsluesedindicriminatelp.
629 3331 675 3378 See
687 3331 784 3392 Zumpt,
797 3334 875 3386 tneo.

127 3399 138 3423 ⁶
149 3393 191 3440 A's
202 3402 228 3438 to
239 3409 292 3440 cero
302 3405 325 3440 ru
336 3391 384 3439 thre
394 3401 507 3450 position,
520 3406 560 3440 see
596 3400 671 3450 umpt,
685 3391 698 3442 h
709 3395 761 3441 tte.

130 3457 139 3480 ⁷
153 3449 239 3499 ‘Euan
250 3449 271 3498 if
282 3465 329 3510 you
341 3446 507 3498 endeavoured
516 3459 542 3498 tc
552 3450 634 3498 detain
644 3451 700 3500 me!

213 3513 244 3562 10
564 3525 581 3563 e
