2294 3842
146 244 205 298 282
411 255 451 297 u}
473 257 580 298 essars
603 257 787 296 russanum.

147 367 274 440 perferret
290 364 324 417 ad
341 382 413 434 eum,
430 365 565 435 Credisne,
584 366 674 434 inquit,
690 365 806 418 adventu
826 366 915 434 magis
932 363 1053 431 hostium,

148 447 176 491 ut
186 437 242 508 jam
255 435 280 488 in
292 434 361 487 vallo
379 436 560 502 consisterent,
574 435 698 488 sollicitos
715 451 783 503 esse,
797 453 876 505 quam
891 449 956 487 cura
966 435 1055 487 salutis

147 514 217 574 tuae,
231 512 258 558 ut
276 522 348 558 nunc
366 519 414 574 est,
428 504 474 556 tibi
487 504 577 557 vilisl¹
612 503 782 562 Quantalibet
797 505 839 557 vis
856 505 979 556 omniurn
996 520 1055 572 gen·

147 577 212 628 tium
231 575 364 643 conspiret
382 574 409 626 in
427 573 494 642 ηοει,ς
506 574 616 643 impleat
628 575 709 624 armis
721 573 839 642 virisque
852 584 938 626 totum
957 573 1054 640 orbem,

146 643 278 697 classibus
294 644 379 696 maria
396 652 554 714 consternat,
567 642 707 695 inusitatas
718 642 812 696 beluas
824 643 950 696 inducat:
971 653 999 694 tu
1012 659 1056 694 nos

146 713 294 784 praestabis
323 713 455 766 invictos.l
488 713 539 765 Sed
569 712 628 782 quis
656 712 767 764 deorum
798 712 848 764 hoc
878 712 1056 764 Macedoniae

145 783 269 836 columen
286 799 319 834 ae
337 783 412 836 sidus
429 781 583 836 diuturnum
602 779 656 834 sore
675 780 792 849 polliceri
813 791 907 851 potest,
921 797 986 834 cum
1004 791 1057 833 tam

145 853 226 906 avide
243 851 393 906 manifestis
412 851 534 922 periculis
551 849 648 904 offeras
664 867 767 920 corpus,
786 851 884 903 oblitus
902 861 939 904 tot
957 850 1056 902 civium

146 923 251 976 animas
269 919 373 975 trahere
391 928 417 974 te
430 921 456 973 in
469 920 593 974 casuml⁴
627 920 695 978 Quis
712 921 783 974 enim
802 921 850 973 tibi
865 931 1002 1000 superstes
1013 929 1056 972 aut

146 1002 219 1062 optat
242 1007 310 1061 esse,
330 999 375 1043 aut
399 992 504 1060 potestl
540 991 580 1044 Eo
603 989 782 1060 pervenimus,
803 990 955 1058 auspicrum
978 997 1056 1057 atque

147 1061 290 1132 imperium
309 1061 393 1114 secuti
412 1069 495 1130 tuum,
509 1059 580 1113 unde
598 1059 647 1113 nisi
661 1067 687 1110 te
700 1058 808 1111 reduce⁵
819 1058 886 1112 nulli
899 1059 933 1112 ad
946 1069 1057 1128 perratss

147 1147 208 1184 suos
221 1131 271 1184 iter
282 1138 332 1182 est.
368 1129 478 1188 Quodsi‘
495 1129 584 1182 adhuc
601 1128 636 1182 de
655 1127 773 1183 Persidis
792 1145 872 1196 regno
890 1145 954 1181 cum
972 1129 1057 1180 Dares

146 1199 298 1268 dimicares,
323 1199 372 1252 etsi
401 1215 480 1252 nemo
503 1199 592 1267 vellet,
616 1207 706 1250 temen
734 1214 769 1250 ne
799 1197 923 1252 admirari
947 1196 1057 1266 quidem
1141 1199 1142 1226 r

146 1278 242 1340 posset,
256 1282 311 1322 tarn
324 1279 460 1338 promptae
478 1285 538 1320 esse
557 1277 584 1322 te
602 1268 636 1321 ad
654 1284 734 1320 omne
752 1267 895 1322 discrimen
910 1264 1054 1320 audaciae:
1141 1323 1142 1328 η

146 1355 208 1392 nam
232 1338 277 1391 ubi
297 1338 370 1407 paria
393 1349 452 1391 sunt
476 1338 624 1406 periculum
647 1353 679 1390 ac
702 1337 859 1417 praemium,
881 1345 908 1389 et
932 1335 1058 1390 secundis
1141 1359 1142 1396 ς

148 1406 228 1461 rebus
245 1408 357 1478 amplior
375 1407 476 1460 fructus
494 1415 542 1473 est,
562 1415 589 1460 et
607 1405 727 1459 adversis
745 1405 869 1459 solatium
887 1407 992 1474 majus:
1013 1415 1056 1458 tuo
1141 1429 1142 1456 t

147 1493 208 1530 vero
231 1477 317 1546 capite
342 1475 486 1543 ignobilem
512 1479 600 1530 vicum
624 1475 686 1543 emi,
723 1476 765 1528 uis
784 1474 859 1545 serat,
878 1492 930 1527 non
952 1484 1055 1527 tuorum

145 1543 224 1597 modo
243 1545 367 1613 militum,
388 1545 435 1598 sed
460 1544 539 1598 ullius
558 1545 647 1612 gentis
667 1543 714 1598 har
733 1541 795 1596 arae
818 1545 893 1612 civis,
915 1543 961 1614 qui
983 1549 1054 1596 tuam
1141 1559 1142 1596 t

146 1613 357 1682 magnitudinem
374 1613 466 1667 novitl
502 1613 596 1666 Horret
613 1614 719 1667 suimus
736 1613 895 1682 cogitatione
914 1615 961 1683 rei,
975 1629 1056 1682 quam

145 1683 223 1764 paulq
243 1692 305 1764 ante
329 1683 455 1737 vidimus.
493 1683 588 1764 Eloqui
612 1684 701 1753 timeo,
722 1682 813 1735 invicti
836 1683 954 1763 corporis
973 1682 1057 1752 spolia
1140 1681 1142 1728 l

145 1762 319 1806 rnertrssrmas
341 1769 438 1807 manus
460 1753 543 1806 fuisse
566 1752 729 1822 infecturas,⁷
751 1751 803 1805 nisi
826 1759 853 1805 te
876 1761 1059 1822 rnterceptum,
1140 1761 1142 1808 ζ

144 1823 294 1876 misericors
317 1825 344 1878 in
367 1841 416 1876 uos
440 1823 544 1876 fortuna
566 1830 706 1875 servasset.
753 1821 876 1875 Totidem
900 1822 1055 1892 proditores,
1140 1811 1142 1900 l

144 1891 257 1945 totidem
275 1891 424 1946 desertores
444 1910 544 1960 sumus,
564 1899 628 1960 quot
648 1899 674 1944 te
695 1908 746 1944 non
767 1892 902 1962 potuimus
922 1893 1055 1960 persequi.

143 1961 288 2016 Universos
300 1961 363 2016 licet
376 1962 475 2014 milites
487 1961 629 2029 ignominia
640 1967 724 2029 notes,
737 1977 817 2014 nemo
829 1962 966 2016 recusabit
983 1961 1056 2014 luere
1141 2023 1142 2028 η

144 2031 180 2102 id,
200 2031 270 2100 quod
290 2049 324 2085 ne
344 2032 496 2086 admitteret
515 2040 649 2100 praestare
669 2046 720 2082 non
740 2030 842 2100 potuit.⁸
884 2031 1055 2098 Petarenos,
1141 2091 1142 2094 Ἴ

143 2117 252 2225 quaeso,
261 2100 313 2154 alio
325 2101 403 2181 modo
412 2118 472 2154 esse
481 2100 548 2181 viles
556 2099 612 2180 tihi.
642 2100 808 2169 Quocunque
818 2099 937 2179 jusseris,
948 2101 1055 2182 ibimus.
1141 2159 1142 2162 Ἴ

168 2171 262 2223 bscura
289 2170 407 2240 perrcula
429 2179 456 2224 et
480 2169 610 2238 ignobtles
631 2185 735 2239 pugnas
763 2169 839 2224 nobis
868 2169 1055 2239 depoecrmus:

144 2240 237 2291 temeti
257 2257 315 2292 sum
333 2240 368 2292 ad
386 2257 419 2292 ea
437 2256 520 2308 serva,
534 2255 602 2308 quae
618 2237 832 2307 magnitudinem
843 2245 917 2292 tuam
930 2239 1058 2310 capiunt
1141 2241 1142 2304 ζ

144 2307 201 2360 ciro
218 2257 302 2376 glhria
319 2307 460 2362 obsolescit
478 2309 504 2362 in
523 2308 634 2361 sordidis
652 2308 779 2378 hostibus,
792 2325 843 2361 nec
860 2308 1008 2378 quicquam
1021 2311 1057 2361 in·
1140 2309 1142 2328 ¹

144 2375 250 2444 dignius
272 2384 319 2445 est,
343 2394 426 2446 quam
450 2381 571 2431 consumi
594 2395 664 2448 eam,
687 2377 733 2431 ubi
756 2394 808 2431 non
831 2379 920 2449 possit*
943 2379 1056 2432 ostendi.

145 2445 249 2500 Eadem
266 2445 323 2497 lere
340 2445 516 2517 Ptolemaeus,
530 2455 558 2499 et
575 2447 675 2500 similia
686 2447 728 2500 his
738 2447 831 2501 ceteri.
867 2447 985 2518 Jamque
996 2465 1058 2500 con·

176 2610 182 2632 ¹
193 2603 264 2654 Your
274 2602 314 2652 lise
326 2603 346 2652 is
356 2603 385 2652 ol
397 2603 459 2654 little
469 2603 540 2654 value
552 2613 577 2654 tc
589 2621 646 2666 you,
658 2615 685 2656 ut
696 2623 761 2656 sanc
769 2606 811 2665 ert,
823 2607 968 2670 ‘according
979 2617 1006 2658 to
1016 2625 1056 2668 ap·
1140 2603 1142 2656 t

145 2665 291 2726 pearances.'
324 2661 370 2712 See
382 2679 405 2712 v.
418 2668 454 2712 18.

173 2728 184 2754 ²
195 2723 331 2772 ‘However
341 2733 408 2784 great
418 2740 432 2772 a
442 2723 570 2780 multitude
581 2723 610 2772 os
622 2723 654 2772 all
664 2725 760 2774 natione
771 2741 827 2786 may
838 2727 975 2786 conspires
1011 2727 1057 2775 inst
1141 2715 1142 2724 ³

145 2783 194 2841 us‚'
206 2783 256 2832 due.
278 2783 343 2855 ‘Had
354 2793 542 2853 quantacunque,
551 2784 685 2855 arelative,
695 2785 759 2834 been
769 2785 838 2840 used,
849 2800 887 2833 we
898 2785 972 2834 shoul
997 2786 1058 2835 have

146 2841 449 2972 hallclhlltvrrllltcdhlrhelrls
458 2841 486 2950 ld
496 2853 785 2972 llhndlllledhconquered!

175 2966 183 2988 ⁴
196 2961 277 3009 ‘Thes
288 2977 337 3022 you
347 2978 387 3010 are
397 2977 504 3043 givingu
531 2971 556 3009 to
567 2962 657 3012 chance
670 2962 832 3022 (particularly
843 2970 868 3009 to
879 2962 999 3024 dangertff

176 3027 183 3050 ⁸
196 3019 300 3068 ‘Unless
312 3036 360 3080 you
370 3032 460 3070 return.
503 2978 550 3072 ges
564 3022 644 3070 Grom,
656 3021 670 3074 l
681 3025 733 3077 405,
745 3031 815 3071 notes
826 3025 841 3068 2
851 3021 898 3069 and
909 3025 931 3070 3.

174 3085 182 3108 ⁸
194 3078 232 3126 As
243 3087 268 3126 to
279 3079 327 3127 this
338 3081 501 3141 conjunctius,
513 3097 555 3130 see
568 3081 666 3189 Zumpt,
680 3081 756 3134 §802
994 3085 997 3090 '

175 3143 182 3164 ⁷
193 3137 263 3185 ‘'l'he
273 3148 336 3186 rnost
346 3139 468 3200 cowardly
476 3139 553 3189 hands
562 3140 627 3188 wool

174 3202 183 3228 ⁸
194 3195 316 3258 ‘Though
327 3211 375 3258 you
385 3199 455 3248 mark
466 3199 507 3246 the
518 3199 597 3248 whole
608 3215 676 3260 army
688 3198 747 3247 with
758 3199 891 3260 ignominy,
905 3210 948 3261 yet
963 3216 997 3249 no
1013 3215 1059 3249 oue

146 3256 197 3326 will
212 3255 292 3326 reluse
308 3265 333 3303 to
350 3257 380 3304 be
396 3257 515 3317 punished
530 3259 568 3327 for
582 3259 634 3306 that
651 3258 739 3328 (nantel
759 3259 820 3328 ,the
836 3258 961 3308 desertiou
976 3259 1006 3308 ol
1017 3259 1059 3307 the

146 3316 214 3375 king)
223 3315 304 3383 vrhrch
315 3315 346 3362 he
357 3316 427 3364 could
436 3327 477 3364 not
488 3331 592 3374 promise
604 3327 629 3366 to
639 3317 714 3366 sdmrt
722 3274 781 3373 (that
791 3333 820 3376 rs,
831 3318 867 3366 for
874 3319 916 3367 the
925 3320 1060 3368 avoidance

145 3373 173 3420 cl
185 3372 264 3422 whrch
276 3374 306 3422 he
317 3373 388 3420 could
399 3383 440 3420 not
451 3376 572 3430 uuswer).¹

145 3433 202 3534 m:
210 3431 356 3538 {Yqiocffiuqan
366 3431 460 3478 receive
470 3431 530 3486 (that
539 3433 569 3490 is,
578 3433 659 3483 which
670 3449 710 3484 are
720 3434 841 3484 sufficient
849 3435 894 3492 ior)
905 3452 968 3497 your
977 3417 1059 3498 great·

650 3139 1056 3200 havepollutedtbytheirtoueh).¹
1140 3127 1142 3180 l
