<?xml version="1.0" encoding="UTF-8"?>
<!DOCTYPE html PUBLIC "-//W3C//DTD XHTML 1.0 Transitional//EN"
    "http://www.w3.org/TR/xhtml1/DTD/xhtml1-transitional.dtd">
<html xmlns="http://www.w3.org/1999/xhtml" xml:lang="en" lang="en">
 <head>
  <title>
</title>
<meta http-equiv="Content-Type" content="text/html;charset=utf-8" />
  <meta name='ocr-system' content='tesseract 3.04.00' />
  <meta name='ocr-capabilities' content='ocr_page ocr_carea ocr_par ocr_line ocrx_word'/>
</head>
<body>
  <div class='ocr_page' id='page_1' title='image "./qcurtiirufidege02rufugoog_0311.png"; bbox 0 0 2294 3842; ppageno 0'>
   <div class='ocr_carea' id='block_1_1' title="bbox 466 222 995 280">
    <p class='ocr_par' dir='ltr' id='par_1_1' title="bbox 466 222 995 280">
     <span class='ocr_line' id='line_1_1' title="bbox 466 222 995 280; baseline 0.004 -4"><span class='ocrx_word' id='word_1_1' title='bbox 466 236 558 277; x_wconf 79' lang='lat' dir='ltr'><strong>arasa</strong></span> <span class='ocrx_word' id='word_1_2' title='bbox 577 239 608 278; x_wconf 82' lang='lat'><strong>1.</strong></span> <span class='ocrx_word' id='word_1_3' title='bbox 939 222 995 280; x_wconf 80' lang='grc'><strong>301</strong></span> 
     </span>
    </p>
   </div>
   <div class='ocr_carea' id='block_1_2' title="bbox 10 343 1046 2849">
    <p class='ocr_par' dir='ltr' id='par_1_2' title="bbox 10 343 1046 2849">
     <span class='ocr_line' id='line_1_2' title="bbox 85 343 997 416; baseline 0 -16"><span class='ocrx_word' id='word_1_4' title='bbox 85 344 164 400; x_wconf 74' lang='lat' dir='ltr'><strong>bees</strong></span> <span class='ocrx_word' id='word_1_5' title='bbox 175 343 306 400; x_wconf 83' lang='lat' dir='ltr'><strong>eminens.</strong></span> <span class='ocrx_word' id='word_1_6' title='bbox 342 346 434 400; x_wconf 83' lang='lat' dir='ltr'><strong>Genus</strong></span> <span class='ocrx_word' id='word_1_7' title='bbox 451 344 566 398; x_wconf 86' lang='lat' dir='ltr'><strong>ducebat</strong></span> <span class='ocrx_word' id='word_1_8' title='bbox 584 363 600 398; x_wconf 87' lang='lat' dir='ltr'><strong>a</strong></span> <span class='ocrx_word' id='word_1_9' title='bbox 618 346 693 416; x_wconf 90' lang='lat' dir='ltr'><strong>Cyro,</strong></span> <span class='ocrx_word' id='word_1_10' title='bbox 706 345 840 415; x_wconf 71' lang='lat' dir='ltr'><strong>quondam</strong></span> <span class='ocrx_word' id='word_1_11' title='bbox 857 361 919 414; x_wconf 82' lang='lat' dir='ltr'><strong>rege</strong></span> <span class='ocrx_word' id='word_1_12' title='bbox 937 347 997 400; x_wconf 87' lang='lat' dir='ltr'><strong>Per·</strong></span> 
     </span>
     <span class='ocr_line' id='line_1_3' title="bbox 84 415 999 484; baseline -0.001 -14"><span class='ocrx_word' id='word_1_13' title='bbox 84 431 193 470; x_wconf 78' lang='lat' dir='ltr'><strong>esrom:</strong></span> <span class='ocrx_word' id='word_1_14' title='bbox 213 432 279 484; x_wconf 89' lang='lat' dir='ltr'><strong>opes</strong></span> <span class='ocrx_word' id='word_1_15' title='bbox 293 423 320 468; x_wconf 84' lang='lat' dir='ltr'><strong>et</strong></span> <span class='ocrx_word' id='word_1_16' title='bbox 338 432 356 467; x_wconf 86' lang='lat' dir='ltr'><strong>a</strong></span> <span class='ocrx_word' id='word_1_17' title='bbox 375 415 518 484; x_wconf 85' lang='lat' dir='ltr'><strong>majoribus</strong></span> <span class='ocrx_word' id='word_1_18' title='bbox 536 415 643 468; x_wconf 85' lang='lat' dir='ltr'><strong>traditas</strong></span> <span class='ocrx_word' id='word_1_19' title='bbox 662 415 784 483; x_wconf 85' lang='lat' dir='ltr'><strong>habebat,</strong></span> <span class='ocrx_word' id='word_1_20' title='bbox 798 424 825 466; x_wconf 88' lang='lat' dir='ltr'><strong>et</strong></span> <span class='ocrx_word' id='word_1_21' title='bbox 844 415 902 484; x_wconf 90' lang='lat' dir='ltr'><strong>ipse</strong></span> <span class='ocrx_word' id='word_1_22' title='bbox 920 415 999 484; x_wconf 78' lang='lat' dir='ltr'><strong>longa</strong></span> 
     </span>
     <span class='ocr_line' id='line_1_4' title="bbox 84 485 999 554; baseline 0.002 -16"><span class='ocrx_word' id='word_1_23' title='bbox 84 485 201 554; x_wconf 77' lang='lat' dir='ltr'><strong>imperiil</strong></span> <span class='ocrx_word' id='word_1_24' title='bbox 213 485 379 554; x_wconf 74' lang='lat' dir='ltr'><strong>possessione</strong></span> <span class='ocrx_word' id='word_1_25' title='bbox 391 485 580 537; x_wconf 79' lang='lat' dir='ltr'><strong>cumulaverat.</strong></span> <span class='ocrx_word' id='word_1_26' title='bbox 616 485 642 536; x_wconf 89' lang='lat' dir='ltr'><strong>Is</strong></span> <span class='ocrx_word' id='word_1_27' title='bbox 655 485 709 552; x_wconf 86' lang='lat' dir='ltr'><strong>regi</strong></span> <span class='ocrx_word' id='word_1_28' title='bbox 721 501 782 538; x_wconf 89' lang='lat' dir='ltr'><strong>oum</strong></span> <span class='ocrx_word' id='word_1_29' title='bbox 796 487 883 538; x_wconf 89' lang='lat' dir='ltr'><strong>omnis</strong></span> <span class='ocrx_word' id='word_1_30' title='bbox 893 486 999 554; x_wconf 84' lang='lat' dir='ltr'><strong>generis</strong></span> 
     </span>
     <span class='ocr_line' id='line_1_5' title="bbox 85 553 997 624; baseline 0 -16"><span class='ocrx_word' id='word_1_31' title='bbox 85 555 171 622; x_wconf 89' lang='lat' dir='ltr'><strong>donis,</strong></span> <span class='ocrx_word' id='word_1_32' title='bbox 184 571 236 606; x_wconf 87' lang='lat' dir='ltr'><strong>nou</strong></span> <span class='ocrx_word' id='word_1_33' title='bbox 258 555 306 622; x_wconf 89' lang='lat' dir='ltr'><strong>ipsi</strong></span> <span class='ocrx_word' id='word_1_34' title='bbox 325 553 403 606; x_wconf 90' lang='lat' dir='ltr'><strong>modo</strong></span> <span class='ocrx_word' id='word_1_35' title='bbox 416 569 456 619; x_wconf 84' lang='lat' dir='ltr'><strong>sa,</strong></span> <span class='ocrx_word' id='word_1_36' title='bbox 469 553 517 606; x_wconf 91' lang='lat' dir='ltr'><strong>sed</strong></span> <span class='ocrx_word' id='word_1_37' title='bbox 536 553 617 607; x_wconf 83' lang='lat' dir='ltr'><strong>etism</strong></span> <span class='ocrx_word' id='word_1_38' title='bbox 635 555 730 608; x_wconf 83' lang='lat' dir='ltr'><strong>amicis</strong></span> <span class='ocrx_word' id='word_1_39' title='bbox 747 553 807 624; x_wconf 86' lang='lat' dir='ltr'><strong>ejus</strong></span> <span class='ocrx_word' id='word_1_40' title='bbox 825 555 941 622; x_wconf 77' lang='lat' dir='ltr'><strong>daturus,</strong></span> <span class='ocrx_word' id='word_1_41' title='bbox 955 573 997 608; x_wconf 86' lang='lat' dir='ltr'><strong>oc·</strong></span> 
     </span>
     <span class='ocr_line' id='line_1_6' title="bbox 84 623 998 694; baseline 0.002 -18"><span class='ocrx_word' id='word_1_42' title='bbox 84 625 175 676; x_wconf 87' lang='lat' dir='ltr'><strong>currit.</strong></span> <span class='ocrx_word' id='word_1_43' title='bbox 221 625 357 692; x_wconf 83' lang='lat' dir='ltr'>Equorum</span> <span class='ocrx_word' id='word_1_44' title='bbox 385 623 477 676; x_wconf 89' lang='lat' dir='ltr'><strong>domiti</strong></span> <span class='ocrx_word' id='word_1_45' title='bbox 511 641 606 692; x_wconf 83' lang='lat' dir='ltr'>greges</span> <span class='ocrx_word' id='word_1_46' title='bbox 641 623 825 693; x_wconf 87' lang='lat' dir='ltr'><strong>sequebantur,</strong></span> <span class='ocrx_word' id='word_1_47' title='bbox 856 639 998 694; x_wconf 88' lang='lat' dir='ltr'><strong>currusque</strong></span> 
     </span>
     <span class='ocr_line' id='line_1_7' title="bbox 85 693 1000 762; baseline 0.002 -16"><span class='ocrx_word' id='word_1_48' title='bbox 85 704 198 761; x_wconf 86' lang='lat' dir='ltr'><strong>argento</strong></span> <span class='ocrx_word' id='word_1_49' title='bbox 227 701 255 745; x_wconf 87' lang='lat' dir='ltr'><strong>et</strong></span> <span class='ocrx_word' id='word_1_50' title='bbox 291 710 354 746; x_wconf 87' lang='lat' dir='ltr'><strong>suro</strong></span> <span class='ocrx_word' id='word_1_51' title='bbox 383 693 510 757; x_wconf 80' lang='lat' dir='ltr'><strong>adornati,</strong></span> <span class='ocrx_word' id='word_1_52' title='bbox 540 693 654 762; x_wconf 83' lang='lat' dir='ltr'><strong>pretiosa</strong></span> <span class='ocrx_word' id='word_1_53' title='bbox 682 693 810 762; x_wconf 81' lang='lat' dir='ltr'><strong>supellex,</strong></span> <span class='ocrx_word' id='word_1_54' title='bbox 840 702 867 745; x_wconf 89' lang='lat' dir='ltr'><strong>et</strong></span> <span class='ocrx_word' id='word_1_55' title='bbox 896 695 1000 748; x_wconf 89' lang='lat' dir='ltr'><strong>nobiles</strong></span> 
     </span>
     <span class='ocr_line' id='line_1_8' title="bbox 84 761 998 834; baseline 0.001 -19"><span class='ocrx_word' id='word_1_56' title='bbox 84 779 222 832; x_wconf 79' lang='lat' dir='ltr'><strong>gemmae,</strong></span> <span class='ocrx_word' id='word_1_57' title='bbox 242 779 324 816; x_wconf 85' lang='lat' dir='ltr'><strong>aurea</strong></span> <span class='ocrx_word' id='word_1_58' title='bbox 342 763 430 829; x_wconf 86' lang='lat' dir='ltr'><strong>megui</strong></span> <span class='ocrx_word' id='word_1_59' title='bbox 450 761 573 832; x_wconf 89' lang='lat' dir='ltr'><strong>ponderis</strong></span> <span class='ocrx_word' id='word_1_60' title='bbox 591 779 662 832; x_wconf 83' lang='lat' dir='ltr'><strong>rasa,</strong></span> <span class='ocrx_word' id='word_1_61' title='bbox 682 772 824 832; x_wconf 84' lang='lat' dir='ltr'><strong>vestesque</strong></span> <span class='ocrx_word' id='word_1_62' title='bbox 842 779 998 834; x_wconf 86' lang='lat' dir='ltr'><strong>purpureae,</strong></span> 
     </span>
     <span class='ocr_line' id='line_1_9' title="bbox 87 831 998 901; baseline 0.002 -17"><span class='ocrx_word' id='word_1_63' title='bbox 87 841 114 884; x_wconf 92' lang='lat' dir='ltr'><strong>et</strong></span> <span class='ocrx_word' id='word_1_64' title='bbox 127 833 224 900; x_wconf 80' lang='lat' dir='ltr'><strong>signati</strong></span> <span class='ocrx_word' id='word_1_65' title='bbox 244 833 346 900; x_wconf 78' lang='lat' dir='ltr'>argenti</span> <span class='ocrx_word' id='word_1_66' title='bbox 365 833 495 884; x_wconf 87' lang='lat' dir='ltr'><strong>talentum</strong></span> <span class='ocrx_word' id='word_1_67' title='bbox 508 831 555 883; x_wconf 88' lang='lat' dir='ltr'><strong>tria</strong></span> <span class='ocrx_word' id='word_1_68' title='bbox 568 831 649 884; x_wconf 88' lang='lat' dir='ltr'><strong>milia.</strong></span> <span class='ocrx_word' id='word_1_69' title='bbox 686 833 810 885; x_wconf 85' lang='lat' dir='ltr'><strong>Ceterum</strong></span> <span class='ocrx_word' id='word_1_70' title='bbox 823 840 896 886; x_wconf 84' lang='lat' dir='ltr'><strong>tante</strong></span> <span class='ocrx_word' id='word_1_71' title='bbox 908 832 998 901; x_wconf 87' lang='lat' dir='ltr'><strong>benig-</strong></span> 
     </span>
     <span class='ocr_line' id='line_1_10' title="bbox 87 900 1000 956; baseline 0.002 -2"><span class='ocrx_word' id='word_1_72' title='bbox 87 903 159 954; x_wconf 84' lang='lat' dir='ltr'><strong>nitas</strong></span> <span class='ocrx_word' id='word_1_73' title='bbox 178 902 290 954; x_wconf 82' lang='lat' dir='ltr'><strong>barbaro</strong></span> <span class='ocrx_word' id='word_1_74' title='bbox 310 915 392 954; x_wconf 84' lang='lat' dir='ltr'><strong>censs</strong></span> <span class='ocrx_word' id='word_1_75' title='bbox 412 901 502 953; x_wconf 86' lang='lat' dir='ltr'><strong>mortis</strong></span> <span class='ocrx_word' id='word_1_76' title='bbox 520 900 594 954; x_wconf 76' lang='lat' dir='ltr'><strong>suit·</strong></span> <span class='ocrx_word' id='word_1_77' title='bbox 614 903 765 954; x_wconf 84' lang='lat' dir='ltr'><strong>Nemeum</strong></span> <span class='ocrx_word' id='word_1_78' title='bbox 785 917 878 954; x_wconf 86' lang='lat' dir='ltr'><strong>omnes</strong></span> <span class='ocrx_word' id='word_1_79' title='bbox 898 905 1000 956; x_wconf 88' lang='lat' dir='ltr'><strong>amicos</strong></span> 
     </span>
     <span class='ocr_line' id='line_1_11' title="bbox 88 970 1000 1040; baseline 0 -16"><span class='ocrx_word' id='word_1_80' title='bbox 88 973 160 1040; x_wconf 84' lang='lat' dir='ltr'><strong>regis</strong></span> <span class='ocrx_word' id='word_1_81' title='bbox 177 971 254 1024; x_wconf 89' lang='lat' dir='ltr'><strong>donis</strong></span> <span class='ocrx_word' id='word_1_82' title='bbox 271 987 350 1040; x_wconf 89' lang='lat' dir='ltr'><strong>super</strong></span> <span class='ocrx_word' id='word_1_83' title='bbox 362 972 477 1040; x_wconf 86' lang='lat' dir='ltr'><strong>ipsorum</strong></span> <span class='ocrx_word' id='word_1_84' title='bbox 491 979 551 1022; x_wconf 82' lang='lat' dir='ltr'><strong>vote</strong></span> <span class='ocrx_word' id='word_1_85' title='bbox 564 970 695 1040; x_wconf 80' lang='lat' dir='ltr'><strong>coluisset,</strong></span> <span class='ocrx_word' id='word_1_86' title='bbox 709 971 812 1039; x_wconf 83' lang='lat' dir='ltr'><strong>Bagoae</strong></span> <span class='ocrx_word' id='word_1_87' title='bbox 825 971 941 1039; x_wconf 74' lang='lat' dir='ltr'><strong>spadoni,</strong></span> <span class='ocrx_word' id='word_1_88' title='bbox 955 973 1000 1040; x_wconf 90' lang='lat' dir='ltr'><strong>qui</strong></span> 
     </span>
     <span class='ocr_line' id='line_1_12' title="bbox 86 1039 1000 1109; baseline -0.004 -13"><span class='ocrx_word' id='word_1_89' title='bbox 86 1041 274 1096; x_wconf 79' lang='lat' dir='ltr'><strong>Alexandrum</strong></span> <span class='ocrx_word' id='word_1_90' title='bbox 292 1040 418 1109; x_wconf 87' lang='lat' dir='ltr'><strong>obsequio</strong></span> <span class='ocrx_word' id='word_1_91' title='bbox 434 1041 549 1109; x_wconf 89' lang='lat' dir='ltr'><strong>corporis</strong></span> <span class='ocrx_word' id='word_1_92' title='bbox 560 1041 715 1094; x_wconf 82' lang='lat' dir='ltr'><strong>devinxerat</strong></span> <span class='ocrx_word' id='word_1_93' title='bbox 734 1041 793 1109; x_wconf 90' lang='lat' dir='ltr'><strong>sibi,</strong></span> <span class='ocrx_word' id='word_1_94' title='bbox 807 1039 907 1094; x_wconf 89' lang='lat' dir='ltr'><strong>nullum</strong></span> <span class='ocrx_word' id='word_1_95' title='bbox 921 1040 1000 1094; x_wconf 88' lang='lat' dir='ltr'><strong>hono·</strong></span> 
     </span>
     <span class='ocr_line' id='line_1_13' title="bbox 88 1108 1001 1180; baseline 0.002 -18"><span class='ocrx_word' id='word_1_96' title='bbox 88 1127 147 1164; x_wconf 83' lang='lat' dir='ltr'><strong>rem</strong></span> <span class='ocrx_word' id='word_1_97' title='bbox 166 1111 267 1164; x_wconf 87' lang='lat' dir='ltr'><strong>habuit.</strong></span> <span class='ocrx_word' id='word_1_98' title='bbox 303 1109 516 1178; x_wconf 84' lang='lat' dir='ltr'><strong>Admonitusque</strong></span> <span class='ocrx_word' id='word_1_99' title='bbox 534 1127 550 1162; x_wconf 93' lang='lat' dir='ltr'><strong>a</strong></span> <span class='ocrx_word' id='word_1_100' title='bbox 568 1109 736 1180; x_wconf 83' lang='lat' dir='ltr'><strong>quibusdem,</strong></span> <span class='ocrx_word' id='word_1_101' title='bbox 753 1121 834 1179; x_wconf 85' lang='lat' dir='ltr'><strong>q&#39;nam</strong></span> <span class='ocrx_word' id='word_1_102' title='bbox 849 1108 1001 1164; x_wconf 82' lang='lat' dir='ltr'><strong>Alexandro</strong></span> 
     </span>
     <span class='ocr_line' id='line_1_14' title="bbox 86 1179 1001 1249; baseline 0.002 -17"><span class='ocrx_word' id='word_1_103' title='bbox 86 1181 161 1232; x_wconf 91' lang='lat' dir='ltr'><strong>cordi</strong></span> <span class='ocrx_word' id='word_1_104' title='bbox 173 1189 255 1249; x_wconf 88' lang='lat' dir='ltr'><strong>esset,</strong></span> <span class='ocrx_word' id='word_1_105' title='bbox 269 1180 409 1249; x_wconf 84' lang='lat' dir='ltr'><strong>respondit,</strong></span> <span class='ocrx_word' id='word_1_106' title='bbox 422 1180 523 1232; x_wconf 87' lang='lat' dir='ltr'><strong>amicos</strong></span> <span class='ocrx_word' id='word_1_107' title='bbox 535 1181 612 1248; x_wconf 83' lang='lat' dir='ltr'><strong>regis,</strong></span> <span class='ocrx_word' id='word_1_108' title='bbox 625 1197 676 1232; x_wconf 91' lang='lat' dir='ltr'><strong>non</strong></span> <span class='ocrx_word' id='word_1_109' title='bbox 694 1189 779 1233; x_wconf 85' lang='lat' dir='ltr'><strong>scorta</strong></span> <span class='ocrx_word' id='word_1_110' title='bbox 796 1197 825 1232; x_wconf 88' lang='lat' dir='ltr'><strong>se</strong></span> <span class='ocrx_word' id='word_1_111' title='bbox 843 1179 937 1248; x_wconf 90' lang='lat' dir='ltr'><strong>colere,</strong></span> <span class='ocrx_word' id='word_1_112' title='bbox 950 1197 1001 1234; x_wconf 87' lang='lat' dir='ltr'><strong>noe</strong></span> 
     </span>
     <span class='ocr_line' id='line_1_15' title="bbox 86 1249 999 1320; baseline -0.001 -16"><span class='ocrx_word' id='word_1_113' title='bbox 86 1251 172 1304; x_wconf 87' lang='lat' dir='ltr'><strong>moris</strong></span> <span class='ocrx_word' id='word_1_114' title='bbox 189 1267 250 1302; x_wconf 89' lang='lat' dir='ltr'><strong>esse</strong></span> <span class='ocrx_word' id='word_1_115' title='bbox 269 1249 365 1318; x_wconf 85' lang='lat' dir='ltr'><strong>Persis,</strong></span> <span class='ocrx_word' id='word_1_116' title='bbox 379 1265 467 1304; x_wconf 87' lang='lat' dir='ltr'><strong>mares</strong></span> <span class='ocrx_word' id='word_1_117' title='bbox 483 1249 590 1320; x_wconf 88' lang='lat' dir='ltr'><strong>ducere,</strong></span> <span class='ocrx_word' id='word_1_118' title='bbox 603 1250 649 1318; x_wconf 89' lang='lat' dir='ltr'><strong>qui</strong></span> <span class='ocrx_word' id='word_1_119' title='bbox 668 1259 757 1319; x_wconf 87' lang='lat' dir='ltr'><strong>stupro</strong></span> <span class='ocrx_word' id='word_1_120' title='bbox 775 1249 999 1303; x_wconf 82' lang='lat' dir='ltr'><strong>effeminarentur.</strong></span> 
     </span>
     <span class='ocr_line' id='line_1_16' title="bbox 86 1319 998 1389; baseline 0 -17"><span class='ocrx_word' id='word_1_121' title='bbox 86 1321 137 1374; x_wconf 91' lang='lat' dir='ltr'><strong>His</strong></span> <span class='ocrx_word' id='word_1_122' title='bbox 154 1319 256 1378; x_wconf 75' lang='lat' dir='ltr'><strong>eliditis</strong></span> <span class='ocrx_word' id='word_1_123' title='bbox 271 1319 352 1386; x_wconf 87' lang='lat' dir='ltr'><strong>spado</strong></span> <span class='ocrx_word' id='word_1_124' title='bbox 370 1319 521 1388; x_wconf 87' lang='lat' dir='ltr'><strong>potentiam,</strong></span> <span class='ocrx_word' id='word_1_125' title='bbox 536 1319 637 1388; x_wconf 83' lang='lat' dir='ltr'><strong>flagitio</strong></span> <span class='ocrx_word' id='word_1_126' title='bbox 653 1327 680 1372; x_wconf 89' lang='lat' dir='ltr'><strong>et</strong></span> <span class='ocrx_word' id='word_1_127' title='bbox 698 1320 830 1372; x_wconf 88' lang='lat' dir='ltr'><strong>dedecore</strong></span> <span class='ocrx_word' id='word_1_128' title='bbox 843 1321 998 1389; x_wconf 73' lang='lat' dir='ltr'><strong>quaesitam,</strong></span> 
     </span>
     <span class='ocr_line' id='line_1_17' title="bbox 87 1388 1002 1457; baseline 0 -14"><span class='ocrx_word' id='word_1_129' title='bbox 87 1390 115 1442; x_wconf 92' lang='lat' dir='ltr'><strong>in</strong></span> <span class='ocrx_word' id='word_1_130' title='bbox 136 1398 218 1457; x_wconf 80' lang='lat' dir='ltr'><strong>ceput</strong></span> <span class='ocrx_word' id='word_1_131' title='bbox 241 1388 397 1441; x_wconf 82' lang='lat' dir='ltr'><strong>nobilissimi</strong></span> <span class='ocrx_word' id='word_1_132' title='bbox 420 1397 447 1441; x_wconf 89' lang='lat' dir='ltr'><strong>et</strong></span> <span class='ocrx_word' id='word_1_133' title='bbox 471 1389 582 1441; x_wconf 87' lang='lat' dir='ltr'><strong>insontis</strong></span> <span class='ocrx_word' id='word_1_134' title='bbox 605 1391 731 1444; x_wconf 85' lang='lat' dir='ltr'><strong>exercuit.</strong></span> <span class='ocrx_word' id='word_1_135' title='bbox 767 1390 892 1457; x_wconf 88' lang='lat' dir='ltr'><strong>Namque</strong></span> <span class='ocrx_word' id='word_1_136' title='bbox 915 1389 1002 1456; x_wconf 85' lang='lat' dir='ltr'><strong>gentis</strong></span> 
     </span>
     <span class='ocr_line' id='line_1_18' title="bbox 88 1457 1002 1528; baseline 0.001 -16"><span class='ocrx_word' id='word_1_137' title='bbox 88 1459 216 1528; x_wconf 70' lang='lat' dir='ltr'><strong>ejusdem</strong></span> <span class='ocrx_word' id='word_1_138' title='bbox 235 1457 383 1510; x_wconf 83' lang='lat' dir='ltr'><strong>levissimos</strong></span> <span class='ocrx_word' id='word_1_139' title='bbox 394 1457 468 1510; x_wconf 78' lang='lat' dir='ltr'><strong>salsis</strong></span> <span class='ocrx_word' id='word_1_140' title='bbox 486 1458 641 1512; x_wconf 77' lang='lat' dir='ltr'><strong>criminibus</strong></span> <span class='ocrx_word' id='word_1_141' title='bbox 658 1459 807 1528; x_wconf 70' lang='lat' dir='ltr'><strong>adstrunit,²</strong></span> <span class='ocrx_word' id='word_1_142' title='bbox 820 1458 932 1512; x_wconf 90' lang='lat' dir='ltr'><strong>monitos</strong></span> <span class='ocrx_word' id='word_1_143' title='bbox 943 1468 1002 1512; x_wconf 83' lang='lat' dir='ltr'><strong>tum</strong></span> 
     </span>
     <span class='ocr_line' id='line_1_19' title="bbox 88 1526 1046 1598; baseline 0 -16"><span class='ocrx_word' id='word_1_144' title='bbox 88 1526 370 1594; x_wconf 84' lang='lat' dir='ltr'><strong>domumeedeierre,</strong></span> <span class='ocrx_word' id='word_1_145' title='bbox 383 1545 444 1580; x_wconf 87' lang='lat' dir='ltr'><strong>eum</strong></span> <span class='ocrx_word' id='word_1_146' title='bbox 458 1529 513 1597; x_wconf 88' lang='lat' dir='ltr'><strong>ipse</strong></span> <span class='ocrx_word' id='word_1_147' title='bbox 524 1528 652 1598; x_wconf 78' lang='lat' dir='ltr'><strong>jussisset.</strong></span> <span class='ocrx_word' id='word_1_148' title='bbox 689 1529 796 1582; x_wconf 90' lang='lat' dir='ltr'><strong>Interim</strong></span> <span class='ocrx_word' id='word_1_149' title='bbox 809 1528 931 1598; x_wconf 87' lang='lat' dir='ltr'><strong>quotiens</strong></span> <span class='ocrx_word' id='word_1_150' title='bbox 943 1530 1001 1582; x_wconf 88' lang='lat' dir='ltr'><strong>sine</strong></span> <span class='ocrx_word' id='word_1_151' title='bbox 1045 1564 1046 1567; x_wconf 60' lang='lat'><em>=</em></span> 
     </span>
     <span class='ocr_line' id='line_1_20' title="bbox 87 1597 1002 1668; baseline 0 -16"><span class='ocrx_word' id='word_1_152' title='bbox 87 1597 196 1652; x_wconf 85' lang='lat' dir='ltr'><strong>arbitris</strong></span> <span class='ocrx_word' id='word_1_153' title='bbox 222 1605 286 1664; x_wconf 85' lang='lat' dir='ltr'><strong>eret,</strong></span> <span class='ocrx_word' id='word_1_154' title='bbox 313 1597 435 1650; x_wconf 87' lang='lat' dir='ltr'><strong>credulas</strong></span> <span class='ocrx_word' id='word_1_155' title='bbox 465 1597 536 1665; x_wconf 84' lang='lat' dir='ltr'><strong>regis</strong></span> <span class='ocrx_word' id='word_1_156' title='bbox 564 1615 642 1650; x_wconf 84' lang='lat' dir='ltr'><strong>aures</strong></span> <span class='ocrx_word' id='word_1_157' title='bbox 666 1597 802 1668; x_wconf 82' lang='lat' dir='ltr'><strong>implebat,</strong></span> <span class='ocrx_word' id='word_1_158' title='bbox 829 1597 1002 1652; x_wconf 82' lang='lat' dir='ltr'><strong>dissimulans</strong></span> 
     </span>
     <span class='ocr_line' id='line_1_21' title="bbox 88 1666 1001 1735; baseline 0.002 -15"><span class='ocrx_word' id='word_1_159' title='bbox 88 1683 199 1720; x_wconf 82' lang='lat' dir='ltr'><strong>cessem</strong></span> <span class='ocrx_word' id='word_1_160' title='bbox 219 1666 280 1734; x_wconf 83' lang='lat' dir='ltr'><strong>irae,</strong></span> <span class='ocrx_word' id='word_1_161' title='bbox 294 1683 345 1735; x_wconf 91' lang='lat' dir='ltr'><strong>quo</strong></span> <span class='ocrx_word' id='word_1_162' title='bbox 363 1667 466 1734; x_wconf 83' lang='lat' dir='ltr'><strong>gravior</strong></span> <span class='ocrx_word' id='word_1_163' title='bbox 477 1667 640 1720; x_wconf 83' lang='lat' dir='ltr'><strong>criminantis</strong></span> <span class='ocrx_word' id='word_1_164' title='bbox 656 1669 797 1720; x_wconf 85' lang='lat' dir='ltr'><strong>auctoritas</strong></span> <span class='ocrx_word' id='word_1_165' title='bbox 814 1675 894 1720; x_wconf 87' lang='lat' dir='ltr'><strong>esset.</strong></span> <span class='ocrx_word' id='word_1_166' title='bbox 930 1669 1001 1722; x_wconf 88' lang='lat' dir='ltr'><strong>Non·</strong></span> 
     </span>
     <span class='ocr_line' id='line_1_22' title="bbox 87 1735 1001 1806; baseline 0.004 -16"><span class='ocrx_word' id='word_1_167' title='bbox 87 1736 157 1790; x_wconf 88' lang='lat' dir='ltr'><strong>dum</strong></span> <span class='ocrx_word' id='word_1_168' title='bbox 174 1745 315 1804; x_wconf 85' lang='lat' dir='ltr'><strong>suspectus</strong></span> <span class='ocrx_word' id='word_1_169' title='bbox 332 1745 389 1788; x_wconf 85' lang='lat' dir='ltr'><strong>eret</strong></span> <span class='ocrx_word' id='word_1_170' title='bbox 406 1735 519 1805; x_wconf 85' lang='lat' dir='ltr'><strong>Orsines,</strong></span> <span class='ocrx_word' id='word_1_171' title='bbox 532 1735 588 1806; x_wconf 85' lang='lat' dir='ltr'><strong>jam</strong></span> <span class='ocrx_word' id='word_1_172' title='bbox 607 1745 696 1790; x_wconf 86' lang='lat' dir='ltr'><strong>temen</strong></span> <span class='ocrx_word' id='word_1_173' title='bbox 710 1737 805 1790; x_wconf 74' lang='lat' dir='ltr'><strong>vilior.³</strong></span> <span class='ocrx_word' id='word_1_174' title='bbox 840 1738 911 1790; x_wconf 88' lang='lat' dir='ltr'><strong>Reus</strong></span> <span class='ocrx_word' id='word_1_175' title='bbox 929 1739 1001 1794; x_wconf 85' lang='lat' dir='ltr'><strong>enim</strong></span> 
     </span>
     <span class='ocr_line' id='line_1_23' title="bbox 87 1805 1001 1876; baseline 0.001 -18"><span class='ocrx_word' id='word_1_176' title='bbox 87 1806 116 1859; x_wconf 91' lang='lat' dir='ltr'><strong>in</strong></span> <span class='ocrx_word' id='word_1_177' title='bbox 140 1816 244 1859; x_wconf 87' lang='lat' dir='ltr'><strong>secreto</strong></span> <span class='ocrx_word' id='word_1_178' title='bbox 267 1805 415 1874; x_wconf 81' lang='lat' dir='ltr'><strong>agebatur,⁴</strong></span> <span class='ocrx_word' id='word_1_179' title='bbox 437 1805 544 1858; x_wconf 83' lang='lat' dir='ltr'><strong>latentis</strong></span> <span class='ocrx_word' id='word_1_180' title='bbox 567 1806 678 1876; x_wconf 89' lang='lat' dir='ltr'><strong>periculi</strong></span> <span class='ocrx_word' id='word_1_181' title='bbox 708 1807 829 1874; x_wconf 86' lang='lat' dir='ltr'><strong>ignarus:</strong></span> <span class='ocrx_word' id='word_1_182' title='bbox 856 1817 882 1858; x_wconf 89' lang='lat' dir='ltr'><strong>et</strong></span> <span class='ocrx_word' id='word_1_183' title='bbox 906 1807 1001 1876; x_wconf 86' lang='lat' dir='ltr'><strong>irnper-</strong></span> 
     </span>
     <span class='ocr_line' id='line_1_24' title="bbox 87 1873 1001 1944; baseline 0.001 -16"><span class='ocrx_word' id='word_1_184' title='bbox 87 1876 261 1928; x_wconf 80' lang='lat' dir='ltr'><strong>lenissimum</strong></span> <span class='ocrx_word' id='word_1_185' title='bbox 271 1884 394 1944; x_wconf 86' lang='lat' dir='ltr'><strong>scortum,</strong></span> <span class='ocrx_word' id='word_1_186' title='bbox 402 1892 437 1928; x_wconf 89' lang='lat' dir='ltr'><strong>ne</strong></span> <span class='ocrx_word' id='word_1_187' title='bbox 449 1874 476 1928; x_wconf 91' lang='lat' dir='ltr'><strong>in</strong></span> <span class='ocrx_word' id='word_1_188' title='bbox 489 1885 577 1944; x_wconf 89' lang='lat' dir='ltr'><strong>stupro</strong></span> <span class='ocrx_word' id='word_1_189' title='bbox 589 1875 698 1944; x_wconf 88' lang='lat' dir='ltr'><strong>quidem</strong></span> <span class='ocrx_word' id='word_1_190' title='bbox 710 1884 738 1929; x_wconf 89' lang='lat' dir='ltr'><strong>et</strong></span> <span class='ocrx_word' id='word_1_191' title='bbox 750 1873 888 1928; x_wconf 84' lang='lat' dir='ltr'><strong>dedecoris</strong></span> <span class='ocrx_word' id='word_1_192' title='bbox 899 1877 1001 1944; x_wconf 85' lang='lat' dir='ltr'><strong>patien-</strong></span> 
     </span>
     <span class='ocr_line' id='line_1_25' title="bbox 87 1943 999 2014; baseline 0 -16"><span class='ocrx_word' id='word_1_193' title='bbox 87 1945 125 1998; x_wconf 82' lang='lat' dir='ltr'><strong>tie</strong></span> <span class='ocrx_word' id='word_1_194' title='bbox 139 1944 241 1998; x_wconf 80' lang='lat' dir='ltr'><strong>fraudis</strong></span> <span class='ocrx_word' id='word_1_195' title='bbox 252 1943 371 2013; x_wconf 86' lang='lat' dir='ltr'><strong>oblitum,</strong></span> <span class='ocrx_word' id='word_1_196' title='bbox 384 1945 506 2013; x_wconf 87' lang='lat' dir='ltr'><strong>quotiens</strong></span> <span class='ocrx_word' id='word_1_197' title='bbox 524 1961 643 1998; x_wconf 84' lang='lat' dir='ltr'><strong>amorem</strong></span> <span class='ocrx_word' id='word_1_198' title='bbox 661 1945 731 2012; x_wconf 80' lang='lat' dir='ltr'><strong>regis</strong></span> <span class='ocrx_word' id='word_1_199' title='bbox 748 1945 775 2000; x_wconf 91' lang='lat' dir='ltr'><strong>in</strong></span> <span class='ocrx_word' id='word_1_200' title='bbox 791 1961 821 1996; x_wconf 88' lang='lat' dir='ltr'><strong>sc</strong></span> <span class='ocrx_word' id='word_1_201' title='bbox 832 1945 999 2014; x_wconf 81' lang='lat' dir='ltr'><strong>accenderat,</strong></span> 
     </span>
     <span class='ocr_line' id='line_1_26' title="bbox 87 2013 999 2083; baseline -0.001 -15"><span class='ocrx_word' id='word_1_202' title='bbox 87 2015 213 2068; x_wconf 89' lang='lat' dir='ltr'><strong>Orsinem</strong></span> <span class='ocrx_word' id='word_1_203' title='bbox 224 2014 302 2066; x_wconf 91' lang='lat' dir='ltr'><strong>modo</strong></span> <span class='ocrx_word' id='word_1_204' title='bbox 314 2014 447 2083; x_wconf 80' lang='lat' dir='ltr'><strong>avaritiae,</strong></span> <span class='ocrx_word' id='word_1_205' title='bbox 456 2013 589 2067; x_wconf 88' lang='lat' dir='ltr'><strong>interdurn</strong></span> <span class='ocrx_word' id='word_1_206' title='bbox 598 2015 678 2068; x_wconf 87' lang='lat' dir='ltr'><strong>etiam</strong></span> <span class='ocrx_word' id='word_1_207' title='bbox 688 2013 853 2082; x_wconf 87' lang='lat' dir='ltr'><strong>delectionis,</strong></span> <span class='ocrx_word' id='word_1_208' title='bbox 863 2014 999 2081; x_wconf 83' lang='lat' dir='ltr'><strong>arguebat.</strong></span> 
     </span>
     <span class='ocr_line' id='line_1_27' title="bbox 123 2083 1000 2154; baseline 0 -18"><span class='ocrx_word' id='word_1_209' title='bbox 123 2089 150 2136; x_wconf 80' lang='lat'><strong>5.</strong></span> <span class='ocrx_word' id='word_1_210' title='bbox 169 2085 229 2138; x_wconf 83' lang='lat' dir='ltr'><strong>Jam</strong></span> <span class='ocrx_word' id='word_1_211' title='bbox 243 2093 347 2136; x_wconf 84' lang='lat' dir='ltr'><strong>matura</strong></span> <span class='ocrx_word' id='word_1_212' title='bbox 359 2093 432 2135; x_wconf 83' lang='lat' dir='ltr'><strong>erant</strong></span> <span class='ocrx_word' id='word_1_213' title='bbox 444 2084 471 2136; x_wconf 91' lang='lat' dir='ltr'><strong>in</strong></span> <span class='ocrx_word' id='word_1_214' title='bbox 484 2084 629 2152; x_wconf 89' lang='lat' dir='ltr'><strong>perniciem</strong></span> <span class='ocrx_word' id='word_1_215' title='bbox 647 2083 795 2136; x_wconf 86' lang='lat' dir='ltr'><strong>innocentis</strong></span> <span class='ocrx_word' id='word_1_216' title='bbox 810 2083 960 2154; x_wconf 82' lang='lat' dir='ltr'><strong>mendacia,</strong></span> <span class='ocrx_word' id='word_1_217' title='bbox 973 2093 1000 2136; x_wconf 89' lang='lat' dir='ltr'><strong>et</strong></span> 
     </span>
     <span class='ocr_line' id='line_1_28' title="bbox 88 2152 1001 2222; baseline 0.001 -17"><span class='ocrx_word' id='word_1_218' title='bbox 88 2153 184 2220; x_wconf 84' lang='lat' dir='ltr'><strong>fatum,</strong></span> <span class='ocrx_word' id='word_1_219' title='bbox 198 2152 275 2221; x_wconf 86' lang='lat' dir='ltr'><strong>cujus</strong></span> <span class='ocrx_word' id='word_1_220' title='bbox 292 2152 451 2206; x_wconf 85' lang='lat' dir='ltr'><strong>inevitabilis</strong></span> <span class='ocrx_word' id='word_1_221' title='bbox 468 2169 523 2204; x_wconf 86' lang='lat' dir='ltr'><strong>sors</strong></span> <span class='ocrx_word' id='word_1_222' title='bbox 536 2161 584 2222; x_wconf 86' lang='lat' dir='ltr'><strong>est,</strong></span> <span class='ocrx_word' id='word_1_223' title='bbox 597 2152 749 2222; x_wconf 87' lang='lat' dir='ltr'><strong>appetebat.</strong></span> <span class='ocrx_word' id='word_1_224' title='bbox 786 2152 862 2206; x_wconf 83' lang='lat' dir='ltr'><strong>Forte</strong></span> <span class='ocrx_word' id='word_1_225' title='bbox 875 2153 948 2204; x_wconf 90' lang='lat' dir='ltr'><strong>enim</strong></span> <span class='ocrx_word' id='word_1_226' title='bbox 960 2170 1001 2206; x_wconf 90' lang='lat' dir='ltr'><strong>se-</strong></span> 
     </span>
     <span class='ocr_line' id='line_1_29' title="bbox 87 2221 1000 2292; baseline 0.002 -18"><span class='ocrx_word' id='word_1_227' title='bbox 87 2223 212 2292; x_wconf 87' lang='lat' dir='ltr'><strong>pulcrum</strong></span> <span class='ocrx_word' id='word_1_228' title='bbox 225 2221 286 2290; x_wconf 92' lang='lat' dir='ltr'><strong>Cyri</strong></span> <span class='ocrx_word' id='word_1_229' title='bbox 298 2221 450 2275; x_wconf 80' lang='lat' dir='ltr'><strong>Alexander</strong></span> <span class='ocrx_word' id='word_1_230' title='bbox 466 2221 544 2290; x_wconf 86' lang='lat' dir='ltr'><strong>jussit</strong></span> <span class='ocrx_word' id='word_1_231' title='bbox 562 2222 665 2290; x_wconf 85' lang='lat' dir='ltr'><strong>aperiri,</strong></span> <span class='ocrx_word' id='word_1_232' title='bbox 679 2222 705 2274; x_wconf 89' lang='lat' dir='ltr'><strong>in</strong></span> <span class='ocrx_word' id='word_1_233' title='bbox 721 2239 772 2292; x_wconf 92' lang='lat' dir='ltr'><strong>quo</strong></span> <span class='ocrx_word' id='word_1_234' title='bbox 790 2230 846 2274; x_wconf 85' lang='lat' dir='ltr'><strong>erat</strong></span> <span class='ocrx_word' id='word_1_235' title='bbox 863 2221 1000 2276; x_wconf 89' lang='lat' dir='ltr'><strong>conditum</strong></span> 
     </span>
     <span class='ocr_line' id='line_1_30' title="bbox 87 2291 1001 2360; baseline 0.002 -16"><span class='ocrx_word' id='word_1_236' title='bbox 87 2293 149 2344; x_wconf 89' lang='lat' dir='ltr'><strong>e&#39;us</strong></span> <span class='ocrx_word' id='word_1_237' title='bbox 163 2308 266 2360; x_wconf 87' lang='lat' dir='ltr'><strong>corpus,</strong></span> <span class='ocrx_word' id='word_1_238' title='bbox 280 2293 323 2344; x_wconf 90' lang='lat' dir='ltr'><strong>cui</strong></span> <span class='ocrx_word' id='word_1_239' title='bbox 340 2292 404 2344; x_wconf 85' lang='lat' dir='ltr'><strong>dare</strong></span> <span class='ocrx_word' id='word_1_240' title='bbox 416 2291 521 2344; x_wconf 83' lang='lat' dir='ltr'><strong>volebat</strong></span> <span class='ocrx_word' id='word_1_241' title='bbox 539 2292 656 2343; x_wconf 76' lang='lat' dir='ltr'><strong>inferias.</strong></span> <span class='ocrx_word' id='word_1_242' title='bbox 693 2293 764 2345; x_wconf 88' lang='lat' dir='ltr'><strong>Auro</strong></span> <span class='ocrx_word' id='word_1_243' title='bbox 781 2300 942 2360; x_wconf 79' lang='lat' dir='ltr'><strong>argentoque</strong></span> <span class='ocrx_word' id='word_1_244' title='bbox 961 2309 1001 2346; x_wconf 93' lang='lat' dir='ltr'><strong>re-</strong></span> 
     </span>
     <span class='ocr_line' id='line_1_31' title="bbox 87 2360 1001 2432; baseline 0.001 -19"><span class='ocrx_word' id='word_1_245' title='bbox 87 2371 192 2430; x_wconf 85' lang='lat' dir='ltr'><strong>petum</strong></span> <span class='ocrx_word' id='word_1_246' title='bbox 205 2378 264 2413; x_wconf 90' lang='lat' dir='ltr'><strong>esse</strong></span> <span class='ocrx_word' id='word_1_247' title='bbox 277 2360 432 2429; x_wconf 81' lang='lat' dir='ltr'><strong>crediderat,</strong></span> <span class='ocrx_word' id='word_1_248' title='bbox 447 2361 545 2430; x_wconf 90' lang='lat' dir='ltr'><strong>quippe</strong></span> <span class='ocrx_word' id='word_1_249' title='bbox 563 2361 600 2413; x_wconf 90' lang='lat' dir='ltr'><strong>ite</strong></span> <span class='ocrx_word' id='word_1_250' title='bbox 617 2360 691 2414; x_wconf 82' lang='lat' dir='ltr'><strong>farne</strong></span> <span class='ocrx_word' id='word_1_251' title='bbox 703 2361 800 2414; x_wconf 85' lang='lat' dir='ltr'><strong>Persae</strong></span> <span class='ocrx_word' id='word_1_252' title='bbox 814 2360 1001 2432; x_wconf 77' lang='lat' dir='ltr'><strong>vulgaverant,</strong></span> 
     </span>
     <span class='ocr_line' id='line_1_32' title="bbox 87 2429 1001 2501; baseline 0.004 -18"><span class='ocrx_word' id='word_1_253' title='bbox 87 2431 137 2483; x_wconf 88' lang='lat' dir='ltr'><strong>sed</strong></span> <span class='ocrx_word' id='word_1_254' title='bbox 150 2439 255 2500; x_wconf 88' lang='lat' dir='ltr'><strong>praeter</strong></span> <span class='ocrx_word' id='word_1_255' title='bbox 266 2429 382 2498; x_wconf 85' lang='lat' dir='ltr'><strong>clipeum</strong></span> <span class='ocrx_word' id='word_1_256' title='bbox 395 2431 454 2498; x_wconf 87' lang='lat' dir='ltr'><strong>ejus</strong></span> <span class='ocrx_word' id='word_1_257' title='bbox 472 2438 576 2500; x_wconf 89' lang='lat' dir='ltr'><strong>putrem</strong></span> <span class='ocrx_word' id='word_1_258' title='bbox 595 2439 621 2482; x_wconf 86' lang='lat' dir='ltr'><strong>et</strong></span> <span class='ocrx_word' id='word_1_259' title='bbox 639 2447 717 2484; x_wconf 84' lang='lat' dir='ltr'><strong>erens</strong></span> <span class='ocrx_word' id='word_1_260' title='bbox 734 2432 801 2484; x_wconf 89' lang='lat' dir='ltr'><strong>duos</strong></span> <span class='ocrx_word' id='word_1_261' title='bbox 817 2430 955 2501; x_wconf 86' lang='lat' dir='ltr'><strong>Scythicos</strong></span> <span class='ocrx_word' id='word_1_262' title='bbox 973 2442 1001 2486; x_wconf 87' lang='lat' dir='ltr'><strong>et</strong></span> 
     </span>
     <span class='ocr_line' id='line_1_33' title="bbox 86 2499 1001 2571; baseline 0.003 -18"><span class='ocrx_word' id='word_1_263' title='bbox 86 2501 227 2553; x_wconf 88' lang='lat' dir='ltr'><strong>acinacem</strong></span> <span class='ocrx_word' id='word_1_264' title='bbox 252 2499 315 2552; x_wconf 90' lang='lat' dir='ltr'><strong>nihil</strong></span> <span class='ocrx_word' id='word_1_265' title='bbox 340 2501 463 2568; x_wconf 80' lang='lat' dir='ltr'><strong>repperit.</strong></span> <span class='ocrx_word' id='word_1_266' title='bbox 507 2500 631 2552; x_wconf 89' lang='lat' dir='ltr'><strong>Ceterum</strong></span> <span class='ocrx_word' id='word_1_267' title='bbox 655 2517 750 2553; x_wconf 87' lang='lat' dir='ltr'><strong>corona</strong></span> <span class='ocrx_word' id='word_1_268' title='bbox 772 2518 853 2554; x_wconf 86' lang='lat' dir='ltr'><strong>aurea</strong></span> <span class='ocrx_word' id='word_1_269' title='bbox 877 2503 1001 2571; x_wconf 76' lang='lat' dir='ltr'><strong>imposita</strong></span> 
     </span>
     <span class='ocr_line' id='line_1_34' title="bbox 86 2569 999 2642; baseline 0.003 -20"><span class='ocrx_word' id='word_1_270' title='bbox 86 2569 214 2638; x_wconf 83' lang='lat' dir='ltr'><strong>amiculo,</strong></span> <span class='ocrx_word' id='word_1_271' title='bbox 234 2569 277 2622; x_wconf 87' lang='lat' dir='ltr'><strong>cui</strong></span> <span class='ocrx_word' id='word_1_272' title='bbox 297 2577 416 2622; x_wconf 85' lang='lat' dir='ltr'><strong>assuerat</strong></span> <span class='ocrx_word' id='word_1_273' title='bbox 436 2569 500 2638; x_wconf 90' lang='lat' dir='ltr'><strong>ipse,</strong></span> <span class='ocrx_word' id='word_1_274' title='bbox 522 2570 636 2639; x_wconf 84' lang='lat' dir='ltr'><strong>solium,⁶</strong></span> <span class='ocrx_word' id='word_1_275' title='bbox 654 2571 680 2623; x_wconf 91' lang='lat' dir='ltr'><strong>in</strong></span> <span class='ocrx_word' id='word_1_276' title='bbox 701 2587 754 2640; x_wconf 90' lang='lat' dir='ltr'><strong>quo</strong></span> <span class='ocrx_word' id='word_1_277' title='bbox 773 2588 866 2639; x_wconf 89' lang='lat' dir='ltr'><strong>corpus</strong></span> <span class='ocrx_word' id='word_1_278' title='bbox 884 2571 999 2642; x_wconf 84' lang='lat' dir='ltr'><strong>jacebat,</strong></span> 
     </span>
     <span class='ocr_line' id='line_1_35' title="bbox 10 2638 998 2710; baseline 0.004 -20"><span class='ocrx_word' id='word_1_279' title='bbox 10 2696 14 2704; x_wconf 48' lang='grc'><em>,</em></span> <span class='ocrx_word' id='word_1_280' title='bbox 86 2638 196 2706; x_wconf 82' lang='lat' dir='ltr'><strong>velavit,</strong></span> <span class='ocrx_word' id='word_1_281' title='bbox 207 2639 324 2708; x_wconf 87' lang='lat' dir='ltr'><strong>miratus,</strong></span> <span class='ocrx_word' id='word_1_282' title='bbox 335 2639 398 2691; x_wconf 88' lang='lat' dir='ltr'><strong>tanti</strong></span> <span class='ocrx_word' id='word_1_283' title='bbox 412 2639 525 2691; x_wconf 90' lang='lat' dir='ltr'><strong>nominis</strong></span> <span class='ocrx_word' id='word_1_284' title='bbox 535 2657 633 2709; x_wconf 82' lang='lat' dir='ltr'><strong>regern,</strong></span> <span class='ocrx_word' id='word_1_285' title='bbox 644 2641 725 2693; x_wconf 83' lang='lat' dir='ltr'><strong>tentis</strong></span> <span class='ocrx_word' id='word_1_286' title='bbox 736 2639 884 2709; x_wconf 84' lang='lat' dir='ltr'><strong>praeditum</strong></span> <span class='ocrx_word' id='word_1_287' title='bbox 896 2655 911 2690; x_wconf 91' lang='lat' dir='ltr'><strong>o</strong></span> <span class='ocrx_word' id='word_1_288' title='bbox 932 2640 998 2710; x_wconf 89' lang='lat' dir='ltr'><strong>ibus,</strong></span> 
     </span>
     <span class='ocr_line' id='line_1_36' title="bbox 86 2658 999 2778; baseline 0 -16"><span class='ocrx_word' id='word_1_289' title='bbox 86 2708 162 2762; x_wconf 85' lang='lat' dir='ltr'><strong>haud</strong></span> <span class='ocrx_word' id='word_1_290' title='bbox 175 2709 313 2777; x_wconf 88' lang='lat' dir='ltr'><strong>pretiosius</strong></span> <span class='ocrx_word' id='word_1_291' title='bbox 322 2708 455 2777; x_wconf 89' lang='lat' dir='ltr'><strong>sepultum</strong></span> <span class='ocrx_word' id='word_1_292' title='bbox 464 2725 531 2776; x_wconf 86' lang='lat' dir='ltr'><strong>esse,</strong></span> <span class='ocrx_word' id='word_1_293' title='bbox 542 2725 622 2778; x_wconf 91' lang='lat' dir='ltr'><strong>quam</strong></span> <span class='ocrx_word' id='word_1_294' title='bbox 635 2709 656 2761; x_wconf 86' lang='lat' dir='ltr'><strong>ei</strong></span> <span class='ocrx_word' id='word_1_295' title='bbox 670 2709 763 2762; x_wconf 85' lang='lat' dir='ltr'><strong>fuisset</strong></span> <span class='ocrx_word' id='word_1_296' title='bbox 772 2726 787 2760; x_wconf 93' lang='lat' dir='ltr'><strong>e</strong></span> <span class='ocrx_word' id='word_1_297' title='bbox 797 2708 884 2777; x_wconf 89' lang='lat' dir='ltr'><strong>plebe.</strong></span> <span class='ocrx_word' id='word_1_298' title='bbox 910 2658 999 2762; x_wconf 54' lang='lat' dir='ltr'><strong>Proxi-</strong></span> 
     </span>
     <span class='ocr_line' id='line_1_37' title="bbox 85 2777 997 2849; baseline -0.002 -17"><span class='ocrx_word' id='word_1_299' title='bbox 85 2795 151 2832; x_wconf 88' lang='lat' dir='ltr'><strong>mus</strong></span> <span class='ocrx_word' id='word_1_300' title='bbox 162 2786 218 2830; x_wconf 85' lang='lat' dir='ltr'><strong>erat</strong></span> <span class='ocrx_word' id='word_1_301' title='bbox 230 2777 305 2830; x_wconf 85' lang='lat' dir='ltr'><strong>lateri</strong></span> <span class='ocrx_word' id='word_1_302' title='bbox 318 2777 407 2846; x_wconf 86' lang='lat' dir='ltr'><strong>spado,</strong></span> <span class='ocrx_word' id='word_1_303' title='bbox 417 2777 462 2846; x_wconf 89' lang='lat' dir='ltr'><strong>qui</strong></span> <span class='ocrx_word' id='word_1_304' title='bbox 474 2793 563 2846; x_wconf 84' lang='lat' dir='ltr'><strong>regem</strong></span> <span class='ocrx_word' id='word_1_305' title='bbox 578 2778 691 2846; x_wconf 87' lang='lat' dir='ltr'><strong>intuens,</strong></span> <span class='ocrx_word' id='word_1_306' title='bbox 705 2777 775 2836; x_wconf 84' lang='lat' dir='ltr'><strong>Quid</strong></span> <span class='ocrx_word' id='word_1_307' title='bbox 789 2778 893 2846; x_wconf 90' lang='lat' dir='ltr'><strong>mirum,</strong></span> <span class='ocrx_word' id='word_1_308' title='bbox 904 2777 997 2849; x_wconf 89' lang='lat' dir='ltr'><strong>inquit,</strong></span> 
     </span>
    </p>
   </div>
   <div class='ocr_carea' id='block_1_3' title="bbox 83 2892 1034 3489">
    <p class='ocr_par' dir='ltr' id='par_1_3' title="bbox 83 2892 997 3068">
     <span class='ocr_line' id='line_1_38' title="bbox 117 2892 997 2956; baseline -0.001 -12"><span class='ocrx_word' id='word_1_309' title='bbox 117 2903 124 2924; x_wconf 92' lang='lat'><em>¹</em></span> <span class='ocrx_word' id='word_1_310' title='bbox 137 2895 254 2956; x_wconf 85' lang='lat' dir='ltr'><strong>Properly</strong></span> <span class='ocrx_word' id='word_1_311' title='bbox 265 2896 295 2943; x_wconf 92' lang='lat' dir='ltr'><strong>he</strong></span> <span class='ocrx_word' id='word_1_312' title='bbox 311 2895 350 2944; x_wconf 86' lang='lat' dir='ltr'><strong>did</strong></span> <span class='ocrx_word' id='word_1_313' title='bbox 366 2905 408 2943; x_wconf 90' lang='lat' dir='ltr'><strong>not</strong></span> <span class='ocrx_word' id='word_1_314' title='bbox 424 2911 522 2954; x_wconf 88' lang='lat' dir='ltr'><strong>possess</strong></span> <span class='ocrx_word' id='word_1_315' title='bbox 538 2895 579 2942; x_wconf 84' lang='lat' dir='ltr'><strong>the</strong></span> <span class='ocrx_word' id='word_1_316' title='bbox 590 2896 720 2956; x_wconf 80' lang='lat' dir='ltr'><strong>imperium,</strong></span> <span class='ocrx_word' id='word_1_317' title='bbox 733 2896 776 2942; x_wconf 89' lang='lat' dir='ltr'><strong>but</strong></span> <span class='ocrx_word' id='word_1_318' title='bbox 788 2892 845 2953; x_wconf 88' lang='lat' dir='ltr'><strong>only</strong></span> <span class='ocrx_word' id='word_1_319' title='bbox 856 2909 870 2940; x_wconf 89' lang='lat' dir='ltr'><strong>a</strong></span> <span class='ocrx_word' id='word_1_320' title='bbox 882 2903 997 2955; x_wconf 77' lang='lat' dir='ltr'><strong>potestas,</strong></span> 
     </span>
     <span class='ocr_line' id='line_1_39' title="bbox 86 2952 997 3018; baseline -0.001 -15"><span class='ocrx_word' id='word_1_321' title='bbox 86 2957 248 3018; x_wconf 71' lang='lat' dir='ltr'><strong>praesedere.</strong></span> <span class='ocrx_word' id='word_1_322' title='bbox 281 2954 414 3017; x_wconf 83' lang='lat' dir='ltr'><strong>Imperium,</strong></span> <span class='ocrx_word' id='word_1_323' title='bbox 432 2954 553 3010; x_wconf 86' lang='lat' dir='ltr'><strong>however,</strong></span> <span class='ocrx_word' id='word_1_324' title='bbox 572 2955 592 3001; x_wconf 89' lang='lat' dir='ltr'><strong>is</strong></span> <span class='ocrx_word' id='word_1_325' title='bbox 608 2954 749 3001; x_wconf 87' lang='lat' dir='ltr'><strong>sometimes</strong></span> <span class='ocrx_word' id='word_1_326' title='bbox 764 2952 825 3000; x_wconf 85' lang='lat' dir='ltr'><strong>used</strong></span> <span class='ocrx_word' id='word_1_327' title='bbox 843 2952 868 3000; x_wconf 95' lang='lat' dir='ltr'><strong>in</strong></span> <span class='ocrx_word' id='word_1_328' title='bbox 886 2953 928 3001; x_wconf 90' lang='lat' dir='ltr'><strong>the</strong></span> <span class='ocrx_word' id='word_1_329' title='bbox 944 2969 997 3002; x_wconf 84' lang='lat' dir='ltr'><strong>ner·</strong></span> 
     </span>
     <span class='ocr_line' id='line_1_40' title="bbox 83 3012 620 3068; baseline -0.009 -4"><span class='ocrx_word' id='word_1_330' title='bbox 83 3029 166 3064; x_wconf 85' lang='lat' dir='ltr'><strong>rower</strong></span> <span class='ocrx_word' id='word_1_331' title='bbox 176 3029 247 3061; x_wconf 89' lang='lat' dir='ltr'><strong>sense</strong></span> <span class='ocrx_word' id='word_1_332' title='bbox 258 3014 286 3062; x_wconf 86' lang='lat' dir='ltr'><strong>of</strong></span> <span class='ocrx_word' id='word_1_333' title='bbox 294 3031 307 3061; x_wconf 88' lang='lat' dir='ltr'><strong>s</strong></span> <span class='ocrx_word' id='word_1_334' title='bbox 318 3013 472 3062; x_wconf 75' lang='lat' dir='ltr'><strong>subordinate</strong></span> <span class='ocrx_word' id='word_1_335' title='bbox 484 3012 620 3068; x_wconf 83' lang='lat' dir='ltr'><strong>command.</strong></span> 
     </span>
    </p>

    <p class='ocr_par' dir='ltr' id='par_1_4' title="bbox 84 3070 998 3240">
     <span class='ocr_line' id='line_1_41' title="bbox 114 3070 997 3132; baseline -0.001 -11"><span class='ocrx_word' id='word_1_336' title='bbox 114 3079 125 3104; x_wconf 73' lang='lat'><strong><em>⁹</em></strong></span> <span class='ocrx_word' id='word_1_337' title='bbox 136 3073 281 3132; x_wconf 82' lang='lat' dir='ltr'><strong>Equivalent</strong></span> <span class='ocrx_word' id='word_1_338' title='bbox 290 3075 456 3128; x_wconf 79' lang='lat' dir='ltr'><strong>toadomcoit,</strong></span> <span class='ocrx_word' id='word_1_339' title='bbox 467 3075 592 3129; x_wconf 69' lang='lat' dir='ltr'><strong>instruxit,</strong></span> <span class='ocrx_word' id='word_1_340' title='bbox 606 3070 762 3126; x_wconf 67' lang='lat' dir='ltr'><strong>‘surnnnen’</strong></span> <span class='ocrx_word' id='word_1_341' title='bbox 775 3071 903 3130; x_wconf 80' lang='lat' dir='ltr'><strong>&#39;provided</strong></span> <span class='ocrx_word' id='word_1_342' title='bbox 912 3072 997 3121; x_wconf 67' lang='lat' dir='ltr'><strong>them!</strong></span> 
     </span>
     <span class='ocr_line' id='line_1_42' title="bbox 85 3129 998 3240; baseline -0.001 -59"><span class='ocrx_word' id='word_1_343' title='bbox 85 3133 218 3240; x_wconf 59' lang='lat' dir='ltr'><strong>Tpelvepb</strong></span> <span class='ocrx_word' id='word_1_344' title='bbox 235 3135 362 3180; x_wconf 80' lang='lat' dir='ltr'><strong>subornare</strong></span> <span class='ocrx_word' id='word_1_345' title='bbox 378 3131 458 3180; x_wconf 88' lang='lat' dir='ltr'><strong>would</strong></span> <span class='ocrx_word' id='word_1_346' title='bbox 476 3132 537 3180; x_wconf 87' lang='lat' dir='ltr'><strong>heve</strong></span> <span class='ocrx_word' id='word_1_347' title='bbox 553 3129 747 3190; x_wconf 86' lang='lat' dir='ltr'><strong>comprehended</strong></span> <span class='ocrx_word' id='word_1_348' title='bbox 765 3130 806 3178; x_wconf 85' lang='lat' dir='ltr'><strong>the</strong></span> <span class='ocrx_word' id='word_1_349' title='bbox 826 3131 941 3180; x_wconf 73' lang='lat' dir='ltr'><strong>senseat</strong></span> <span class='ocrx_word' id='word_1_350' title='bbox 956 3132 998 3181; x_wconf 91' lang='lat' dir='ltr'><strong>the</strong></span> 
     </span>
     <span class='ocr_line' id='line_1_43' title="bbox 84 3205 267 3240; baseline -0.011 0"><span class='ocrx_word' id='word_1_351' title='bbox 84 3207 109 3240; x_wconf 81' lang='lat' dir='ltr'>w</span> <span class='ocrx_word' id='word_1_352' title='bbox 128 3205 267 3240; x_wconf 79' lang='lat' dir='ltr'><strong>because.</strong></span> 
     </span>
    </p>

    <p class='ocr_par' dir='ltr' id='par_1_5' title="bbox 115 3249 550 3311">
     <span class='ocr_line' id='line_1_44' title="bbox 115 3249 550 3311; baseline 0 -13"><span class='ocrx_word' id='word_1_353' title='bbox 115 3255 124 3280; x_wconf 77' lang='lat'>³</span> <span class='ocrx_word' id='word_1_354' title='bbox 137 3256 144 3277; x_wconf 77' lang='lat'><em>⁴</em></span> <span class='ocrx_word' id='word_1_355' title='bbox 155 3249 207 3298; x_wconf 89' lang='lat' dir='ltr'><strong>Not</strong></span> <span class='ocrx_word' id='word_1_356' title='bbox 217 3266 245 3298; x_wconf 90' lang='lat' dir='ltr'><strong>so</strong></span> <span class='ocrx_word' id='word_1_357' title='bbox 255 3250 340 3311; x_wconf 86' lang='lat' dir='ltr'><strong>highly</strong></span> <span class='ocrx_word' id='word_1_358' title='bbox 351 3249 491 3298; x_wconf 86' lang='lat' dir='ltr'><strong>eeteemed&#39;</strong></span> <span class='ocrx_word' id='word_1_359' title='bbox 549 3307 550 3310; x_wconf 8' lang='grc' dir='ltr'><strong>Ἴ</strong></span> 
     </span>
    </p>

    <p class='ocr_par' dir='ltr' id='par_1_6' title="bbox 83 3308 1034 3489">
     <span class='ocr_line' id='line_1_45' title="bbox 112 3308 996 3373; baseline 0.005 -17"><span class='ocrx_word' id='word_1_360' title='bbox 112 3316 123 3339; x_wconf 87' lang='lat'>⁴</span> <span class='ocrx_word' id='word_1_361' title='bbox 137 3308 191 3356; x_wconf 84' lang='lat' dir='ltr'><strong>‘He</strong></span> <span class='ocrx_word' id='word_1_362' title='bbox 203 3325 252 3358; x_wconf 87' lang='lat' dir='ltr'><strong>was</strong></span> <span class='ocrx_word' id='word_1_363' title='bbox 264 3309 383 3358; x_wconf 86' lang='lat' dir='ltr'><strong>accused.&#39;</strong></span> <span class='ocrx_word' id='word_1_364' title='bbox 408 3309 475 3358; x_wconf 82' lang='lat' dir='ltr'><strong>Reus</strong></span> <span class='ocrx_word' id='word_1_365' title='bbox 486 3309 507 3358; x_wconf 87' lang='lat' dir='ltr'><strong>is</strong></span> <span class='ocrx_word' id='word_1_366' title='bbox 520 3314 566 3358; x_wconf 86' lang='lat' dir='ltr'><strong>‘an</strong></span> <span class='ocrx_word' id='word_1_367' title='bbox 576 3316 680 3358; x_wconf 82' lang='lat' dir='ltr'><strong>accused</strong></span> <span class='ocrx_word' id='word_1_368' title='bbox 690 3323 777 3369; x_wconf 89' lang='lat' dir='ltr'><strong>person</strong></span> <span class='ocrx_word' id='word_1_369' title='bbox 786 3311 803 3366; x_wconf 90' lang='lat'><strong>;’</strong></span> <span class='ocrx_word' id='word_1_370' title='bbox 816 3327 885 3373; x_wconf 80' lang='lat' dir='ltr'><strong>ogere</strong></span> <span class='ocrx_word' id='word_1_371' title='bbox 894 3327 996 3369; x_wconf 74' lang='lat' dir='ltr'><strong>musam,</strong></span> 
     </span>
     <span class='ocr_line' id='line_1_46' title="bbox 83 3367 998 3434; baseline 0.001 -15"><span class='ocrx_word' id='word_1_372' title='bbox 83 3381 142 3424; x_wconf 77' lang='lat' dir='ltr'><strong>rem,</strong></span> <span class='ocrx_word' id='word_1_373' title='bbox 158 3373 198 3416; x_wconf 77' lang='lat' dir='ltr'><strong>‘to</strong></span> <span class='ocrx_word' id='word_1_374' title='bbox 208 3369 279 3430; x_wconf 76' lang='lat' dir='ltr'><strong>bring</strong></span> <span class='ocrx_word' id='word_1_375' title='bbox 289 3385 303 3416; x_wconf 86' lang='lat' dir='ltr'><strong>a</strong></span> <span class='ocrx_word' id='word_1_376' title='bbox 313 3383 369 3416; x_wconf 88' lang='lat' dir='ltr'><strong>case</strong></span> <span class='ocrx_word' id='word_1_377' title='bbox 384 3379 410 3418; x_wconf 84' lang='lat' dir='ltr'><strong>to</strong></span> <span class='ocrx_word' id='word_1_378' title='bbox 425 3367 496 3418; x_wconf 63' lang='lat' dir='ltr'><strong>trial!</strong></span> <span class='ocrx_word' id='word_1_379' title='bbox 531 3369 582 3418; x_wconf 89' lang='lat' dir='ltr'><strong>Out</strong></span> <span class='ocrx_word' id='word_1_380' title='bbox 593 3368 621 3418; x_wconf 85' lang='lat' dir='ltr'><strong>ol</strong></span> <span class='ocrx_word' id='word_1_381' title='bbox 633 3368 683 3420; x_wconf 83' lang='lat' dir='ltr'><strong>this</strong></span> <span class='ocrx_word' id='word_1_382' title='bbox 693 3369 736 3420; x_wconf 88' lang='lat' dir='ltr'><strong>the</strong></span> <span class='ocrx_word' id='word_1_383' title='bbox 745 3370 888 3430; x_wconf 81' lang='lat' dir='ltr'><strong>expression</strong></span> <span class='ocrx_word' id='word_1_384' title='bbox 897 3370 998 3434; x_wconf 73' lang='lat' dir='ltr'><strong>aliqum</strong></span> 
     </span>
     <span class='ocr_line' id='line_1_47' title="bbox 83 3427 1034 3489; baseline 0.002 -14"><span class='ocrx_word' id='word_1_385' title='bbox 83 3445 151 3478; x_wconf 84' lang='lat' dir='ltr'><strong>reum</strong></span> <span class='ocrx_word' id='word_1_386' title='bbox 161 3445 231 3489; x_wconf 79' lang='lat' dir='ltr'><strong>cgere</strong></span> <span class='ocrx_word' id='word_1_387' title='bbox 241 3428 262 3477; x_wconf 92' lang='lat' dir='ltr'><strong>is</strong></span> <span class='ocrx_word' id='word_1_388' title='bbox 273 3427 373 3478; x_wconf 81' lang='lat' dir='ltr'><strong>formed.</strong></span> <span class='ocrx_word' id='word_1_389' title='bbox 1031 3442 1034 3449; x_wconf 72' lang='grc'><strong>“</strong></span> 
     </span>
    </p>
   </div>
   <div class='ocr_carea' id='block_1_4' title="bbox 114 3485 250 3536">
    <p class='ocr_par' dir='ltr' id='par_1_7' title="bbox 114 3485 250 3536">
     <span class='ocr_line' id='line_1_48' title="bbox 114 3485 250 3536; baseline 0 0"><span class='ocrx_word' id='word_1_390' title='bbox 114 3495 123 3520; x_wconf 82' lang='lat'>¹</span> <span class='ocrx_word' id='word_1_391' title='bbox 136 3485 250 3536; x_wconf 71' lang='lat' dir='ltr'><strong>‘eoffin’</strong></span> 
     </span>
    </p>
   </div>
   <div class='ocr_carea' id='block_1_5' title="bbox 0 0 1152 3842">
    <p class='ocr_par' dir='ltr' id='par_1_8' title="bbox 0 0 1152 3842">
     <span class='ocr_line' id='line_1_49' title="bbox 0 0 1152 3842; baseline 0 0"><span class='ocrx_word' id='word_1_392' title='bbox 0 0 1152 3842; x_wconf 95' lang='lat' dir='ltr'><strong> </strong></span> 
     </span>
    </p>
   </div>
  </div>
 </body>
</html>
