2294 3842
447 253 539 296 aranu
559 254 622 296 rur.
929 237 988 292 2⁵9

74 369 140 416 tum.
182 361 328 443 Praecipua
342 361 466 417 terribilis
483 361 529 416 illa
539 363 630 416 *facies
647 372 711 434 eret,
727 381 790 418 curn
805 364 897 418 manu¹
913 377 989 416 arma

74 432 201 502 virosque
215 444 381 502 comparent,
400 442 427 485 et
443 449 522 501 super
541 450 570 485 se
590 433 741 501 regentibus
757 434 899 486 traderent.
934 435 988 485 Au·

75 518 142 571 ceps
164 518 228 570 ergo
251 519 340 572 pugna
362 519 433 555 nune
456 503 633 571 sequentium,
658 520 728 556 nuno
751 502 909 571 fugientium
934 502 988 554 ele·

74 569 198 640 phantos,
217 572 245 624 in
263 571 379 625 multum
397 572 460 624 diei²
478 571 580 624 varium
600 580 735 626 certamen
754 573 881 640 extraxit;
904 572 989 625 donec

75 640 218 694 securibus
229 641 268 709 (id
280 657 396 709 namque
413 657 499 709 genus
516 640 606 694 auxilii
618 650 801 712 praeparatum
821 643 888 712 erat)
906 642 990 711 pedes

74 719 216 780 amputare
234 719 385 780 coeperunt.
420 709 534 780 Copidas
552 713 680 764 vocabant
699 711 801 780 gladios
819 711 913 764 leviter
932 728 989 765 cur·

75 788 153 832 ratos
175 779 291 833 falcibus
314 779 423 848 similes,
448 779 508 849 quis
536 779 698 850 appetebant
721 781 860 834 beluarum
884 798 989 834 manus.

75 850 136 902 Neo
156 848 301 918 quicquam
320 850 382 902 inex
418 858 487 902 rtum
505 865 556 902 non
576 851 667 902 mortis
686 851 771 921 modo,
793 849 840 902 sed
861 851 942 904 etiam
963 851 991 904 in

76 919 134 989 ipsa
145 927 231 972 morte
243 919 305 971 nori
317 935 384 988 supp
395 919 436 972 ieii
460 919 537 971 timor
548 919 709 972 omittebat.³

110 991 154 1040 50.
174 988 244 1056 Ergo
256 987 390 1058 elephanti
404 958 558 1040 vulneribus
573 988 680 1042 tandem
700 987 802 1057 fatigati
815 1004 876 1042 suos
888 988 990 1058 impetu

76 1066 207 1126 sternunt,
233 1065 259 1110 et
286 1058 330 1126 qul
362 1066 481 1110 rexerant
505 1073 558 1127 eos,
583 1058 748 1128 praecipitati
775 1058 799 1112 iu
826 1068 932 1127 terram,
956 1057 992 1110 ab

1 1143 2 1146 ’
76 1127 145 1197 ipsis
173 1126 368 1180 obterebantur.
416 1128 509 1195 Itaque
532 1143 658 1196 pecorum
681 1127 760 1180 modo
784 1128 871 1195 magis
894 1127 990 1198 pavidi,

76 1213 161 1266 quam
179 1195 277 1266 infesti,
296 1195 364 1250 ultra
381 1197 468 1250 aciem
489 1196 675 1266 exigebantur;
693 1214 755 1250 curn
774 1196 863 1267 Porus,
883 1197 991 1251 destitu-

76 1274 122 1318 tus
141 1281 160 1316 a
181 1265 306 1335 pluribus,
328 1265 381 1318 tela
405 1265 487 1318 multo
509 1275 572 1320 ante
592 1275 748 1388 praeparata
768 1265 795 1318 in
817 1267 993 1320 circumfusus

77 1345 114 1388 stt
133 1333 274 1404 elephanto
295 1351 342 1388 suo
360 1336 447 1404 coepit
467 1336 594 1405 ingerere,
611 1337 755 1406 mutisque
776 1336 881 1389 eminus
901 1336 992 1389 vulue-

77 1404 149 1472 ratis,
174 1405 309 1472 expositus
331 1405 389 1476 ipse
412 1404 446 1457 ad
470 1405 538 1457 ictus
560 1405 680 1474 undique
702 1405 851 1475 petebatur.
887 1407 991 1459 Novem

76 1474 135 1543 jam
154 1473 266 1526 vulnera
286 1473 349 1528 hino
368 1484 449 1543 tergo,
467 1473 540 1527 illine
559 1485 665 1544 pectore
688 1484 837 1546 exceperat,
855 1475 993 1545 multoque

78 1544 210 1610 sanguiue
235 1543 340 1664 profuso
364 1543 497 1612 languidis
525 1544 649 1598 manibus
673 1545 760 1614 magis
788 1544 886 1614 elapsa,
911 1563 992 1614 quarn

78 1629 193 1666 excussa
208 1620 234 1665 te
245 1629 262 1664 a
281 1612 425 1667 mittebat.⁴
459 1614 518 1666 Neu
538 1616 644 1682 segnius
662 1613 749 1684 belna,
767 1614 890 1667 instincta
911 1615 992 1684 rabie,

77 1681 198 1734 nundum
217 1683 309 1734 saucia
328 1682 503 1736 invehebatur
520 1682 657 1736 ordinibus
664 1700 671 1750 3
690 1683 775 1737 donec
796 1693 880 1736 rector
898 1683 994 1738 beluae

78 1769 172 1820 regem
191 1752 327 1821 conspexit
347 1751 489 1805 fluentibus
508 1753 646 1806 membris⁵
667 1753 827 1821 omissisque
848 1755 929 1807 armis
948 1755 994 1806 vix

77 1829 231 1890 compotem
243 1821 349 1874 mentis.
386 1821 456 1874 Tum
468 1820 576 1874 beluam
588 1822 614 1875 in
627 1822 716 1890 fugam
731 1823 850 1892 couniret,
864 1832 994 1891 sequente

78 1889 248 1944 Alexandro:
268 1890 316 1943 sed
337 1908 422 1960 equus
442 1889 502 1960 ejus
521 1890 613 1944 multis
627 1891 781 1944 vulneribus
796 1891 932 1944 confossus
947 1893 993 1944 ‹le-

76 1960 224 2029 ficiensque
236 1960 382 2031 procubuit,
395 1960 478 2030 posito
491 1960 575 2028 magis
588 1977 657 2029 rege,
671 1977 752 2032 quam
770 1960 863 2014 effuso.
900 1961 994 2030 ltaque

77 2029 144 2082 dnm
168 2045 267 2098 equum
292 2038 384 2099 mutat,
410 2029 510 2084 tardius
533 2030 670 2082 insecutus
694 2039 742 2082 est.
780 2030 887 2082 Interim
913 2030 994 2082 irater

77 2098 189 2167 Taxilis,
214 2100 284 2168 regis
302 2099 434 2168 Indorum,
459 2099 621 2172 praemissus
644 2100 679 2153 ab
704 2099 862 2166 Alexandro,
885 2116 994 2152 munere

77 2167 169 2237 eoepit
189 2168 293 2237 Porum,
313 2185 348 2221 ne
367 2169 461 2223 ultima
481 2170 594 2238 experiri
614 2178 806 2239 perseveraret,
829 2167 994 2238 dederetque

78 2255 108 2290 se
120 2237 222 2291 victori.
258 2239 293 2290 At
305 2237 359 2307 ille,
373 2254 537 2360 quamquam
549 2239 695 2292 exhaustae
707 2246 782 2291 eraut
794 2237 873 2307 vires,
886 2239 993 2292 deficie-

77 2309 180 2375 batque
199 2306 315 2376 sauguis,
335 2317 456 2361 tamena
493 2316 582 2360 notam
600 2325 696 2361 vocem
713 2309 842 2362 excitatus
864 2311 993 2377 Agnosco,

78 2373 172 2445 inquit,
194 2376 294 2428 Taxilis
314 2375 429 2446 fratrem,
452 2377 555 2446 imperii
575 2378 702 2447 regnique
725 2378 766 2431 sui
789 2347 942 2448 proditoris:
967 2389 994 2431 et

78 2445 173 2516 telum,
195 2445 266 2514 quod
285 2463 368 2500 uuum
389 2446 454 2500 sorte
474 2463 525 2500 non
549 2447 696 2517 effluxerat,
717 2449 840 2501 contorsit
863 2449 889 2502 in
913 2465 994 2503 eum:

78 2515 150 2584 quod
163 2531 211 2594 per
223 2515 341 2569 medium
353 2525 447 2585 peetus
458 2517 605 2585 penetravit
622 2517 657 2570 ed
676 2526 788 2586 tergum.
825 2519 882 2572 Hoc
901 2519 995 2572 ultimo

79 2585 187 2638 virtutis
208 2600 289 2654 opere
312 2585 390 2655 edito,
414 2585 507 2654 sugere
530 2588 618 2640 acrius
636 2590 738 2656 coepit:
763 2587 811 2640 sed
835 2587 994 2657 elephantus

77 2669 194 2723 quoque,
213 2654 257 2723 qui
277 2654 362 2708 multa
381 2665 522 2725 exceperat
542 2656 604 2724 tela,
623 2655 775 2710 deficiebat,
811 2657 905 2725 Itaque
926 2657 993 2708 sistit

77 2723 181 2792 fugam,
201 2724 373 2794 peditemque
393 2727 515 2794 sequenti
534 2725 602 2778 hosti
621 2725 727 2795 objecit.
762 2726 823 2778 ,lam
842 2725 994 2778 Alexander

108 2885 116 2908 ¹
130 2878 216 2927 ‘With
229 2879 269 2928 the
278 2880 351 2928 trnnk
360 2881 376 2938 ;’
387 2880 423 2929 ior
434 2881 475 2930 the
481 2883 597 2944 proboscis
608 2881 636 2930 os
642 2881 683 2930 the
695 2879 807 2940 elephant
819 2897 877 2938 was,
888 2881 950 2932 from
961 2882 993 2932 its

78 2953 134 2994 use,
147 2937 226 2989 called
236 2937 288 2987 also
298 2957 390 2988 manaa.
886 2979 890 2989 .

106 3007 175 3054 tSee
190 3006 269 3056 Gram.
282 3007 295 3058 b
307 3010 363 3062 275,
372 3024 396 3062 a,
412 3005 462 3054 ‘for
472 3021 487 3053 a
496 3015 563 3064 great
574 3015 626 3064 part
638 3003 666 3052 of
677 3004 718 3053 the
729 3004 793 3064 day)

107 3077 117 3102 ¹
130 3077 136 3100 ‘
146 3073 201 3120 The
208 3073 258 3120 sear
266 3072 354 3127 (which
362 3071 420 3132 they
427 3072 473 3120 hed
481 3070 508 3119 of
513 3072 554 3120 the
563 3071 698 3130 elephanta)
708 3069 750 3118 left
758 3085 879 3120 nomesns
887 3071 991 3128 untried

2 3191 3 3194 Ἴ
76 3142 120 3181 not
132 3132 174 3180 onl
202 3143 227 3180 to
238 3132 282 3180 hill
293 3131 369 3188 them,
383 3133 424 3180 but
442 3147 504 3179 even
520 3143 544 3178 to
561 3130 635 3178 inflict
651 3130 675 3177 in
690 3128 763 3178 death
779 3145 846 3178 soma
863 3129 994 3179 additional

76 3191 152 3252 pain*
202 3189 243 3240 hat
255 3189 295 3239 the
307 3189 408 3240 soldiers
417 3189 464 3238 had
471 3205 518 3250 any
526 3189 643 3237 intention
652 3199 677 3236 to
685 3187 759 3236 inflict
768 3204 929 3250 unnecessary
938 3189 994 3250 pain

76 3267 143 3312 upon
154 3249 196 3299 the
208 3249 308 3299 antinals
320 3265 357 3297 we
373 3260 460 3297 cannot
476 3249 512 3296 ior
523 3257 654 3297 ornament
670 3247 779 3296 believe:
797 3249 846 3297 this
862 3258 992 3297 statement

77 3311 99 3360 is
110 3327 125 3360 a
136 3325 203 3359 mere
215 3309 341 3358 rhetorical
352 3308 531 3369 exaggeration.

106 3379 115 3402 ¹
129 3373 184 3420 ‘He
196 3373 277 3421 rather
284 3373 317 3421 let
327 3372 368 3421 the
377 3372 483 3422 missiles
490 3372 537 3432 slip
543 3380 585 3418 out
593 3369 621 3419 os
628 3369 666 3420 his
672 3371 993 3422 handsrhmrhrewthen?

107 3447 115 3470 ¹
128 3445 134 3464 ‘
145 3437 218 3485 With
229 3436 267 3485 his
278 3437 351 3486 limbs
361 3436 458 3485 relaxed
470 3436 516 3484 and
527 3436 675 3496 powerless!
