2324 3844
530 243 623 284 arasa
641 245 673 284 a.
998 231 1057 290 „9

180 355 221 406 uti.
242 353 366 407 osterum
389 352 457 406 haec
479 351 554 420 vulgi
577 360 633 406 erat
656 369 715 422 vox,
739 355 889 426 principum
917 356 971 412 alia
996 375 1057 414 sen·

145 423 238 477 tentia
275 422 408 492 liquibus
426 422 520 476 Pithon
538 423 677 476 consilium
695 424 838 477 Perdiccae
851 443 900 479 exe
920 427 949 480 ui
960 430 1055 498 coepit,

145 501 300 562 tutoresque
322 492 437 544 destinat
460 491 515 546 filio
539 507 574 544 ex
598 492 706 546 Roxane
732 492 819 547 loturo
849 495 886 548 Pe
919 497 1005 552 iocans
1029 509 1056 552 et

145 563 318 631 Leonnatum,
343 562 423 631 stirpe
447 563 519 630 regia
541 561 652 629 genitos.
694 563 810 634 Adjecit,
835 571 864 617 ut
894 566 921 619 in
951 568 1057 638 Europe

145 633 269 686 Craterus
292 641 320 684 et
342 631 482 700 Antipater
505 647 548 684 ras
570 631 792 686 administrarent.
833 633 904 688 Tum
925 635 1057 707 jusjuran-

145 701 211 756 dum
234 717 252 754 a
270 701 381 770 singulis
403 709 535 769 exactum,
556 699 658 754 loturos
680 702 706 754 in
730 709 860 772 potestate
884 707 954 774 regis
975 707 1057 776 geniti

146 771 307 825 Alexandro.
343 769 489 839 Meleager,
509 769 579 824 haud
597 771 693 840 inJ'uria
710 781 784 824 metu
802 773 926 844 supplicii
945 777 1055 846 territus,

145 859 209 895 cunr
221 841 445 894 suissccesscrat.
473 841 573 894 Rursus
586 839 653 892 Phili
692 840 1057 916 umtrahenssecumirrupit

146 912 265 980 regiam,¹
278 910 420 963 clamitans
432 909 570 978 suffragari
583 858 744 988 reipuhllcae
762 910 797 963 de
814 928 881 964 novo
898 931 960 983 rege
978 916 1056 986 paulo

144 991 207 1034 ante
230 989 359 1050 concepto
368 980 386 1032 :²
409 979 486 1034 robur
508 987 605 1032 aetatis
626 981 807 1048 experirentur
814 997 822 1049 5
845 983 924 1035 modo
947 985 1055 1054 stirpem

145 1050 268 1120 Philippi,
288 1060 314 1102 et
337 1049 421 1102 filium
445 1066 478 1102 ac
500 1050 609 1102 fratrem
630 1065 723 1117 regum
743 1049 864 1120 duorum,
883 1053 1057 1124 sibimetipsis

144 1121 311 1192 potissimum
337 1119 482 1172 crederent.
528 1118 639 1172 Nullum
662 1118 820 1188 protundum
845 1137 928 1192 marc,
952 1123 1056 1178 nullutn

145 1199 250 1244 vastum
274 1189 373 1242 fretum
396 1197 423 1241 et
445 1188 621 1259 procellosum
642 1197 728 1242 tantos
747 1192 800 1243 ciet
820 1191 924 1262 fluctus,
944 1203 1057 1262 quantos

144 1259 288 1314 multitudo
311 1267 401 1312 motus
423 1259 512 1329 habet,
531 1259 624 1328 utique
648 1259 670 1310 si
692 1275 761 1312 nova
784 1268 811 1312 et
834 1261 908 1314 brevi
931 1261 1056 1318 duratura

144 1330 267 1384 libertate
297 1328 419 1381 luxuriat.
457 1329 539 1382 Pauci
568 1327 712 1382 Perdiccae
741 1329 820 1382 modo
849 1330 943 1400 electo,
968 1332 1056 1400 plures

144 1399 275 1468 Philippo,
296 1413 378 1468 quern
402 1407 563 1467 spreverant,
583 1397 725 1467 imperium
748 1398 855 1452 dabant.
899 1403 958 1454 Nec
977 1402 1054 1472 velle,

144 1485 196 1523 nec
213 1468 283 1521 nolle
300 1467 445 1536 quicquam
462 1467 508 1520 diu
528 1477 654 1537 poterant,
674 1468 879 1539 poenitebatque
898 1471 977 1524 modo
995 1489 1055 1524 con-

144 1539 206 1608 silii,
219 1537 299 1592 modo
311 1537 489 1607 poenitentiae
508 1537 600 1606 ipsius.
636 1538 680 1590 Ad
698 1537 822 1592 ultimum
843 1550 933 1592 tamen
953 1540 980 1593 in
999 1542 1055 1596 stir-

144 1623 207 1679 pem
237 1609 339 1676 regiam
368 1606 528 1660 inclinavere
558 1605 672 1660 studiis.⁸
717 1609 840 1661 Cesserat
870 1626 905 1662 ex
934 1611 1055 1664 contione

144 1678 316 1744 Arrhidaeus,
340 1675 491 1746 principum
513 1675 669 1730 auctoritate
692 1679 863 1746 conterritus,
889 1687 916 1732 et
939 1678 1055 1735 abeunte

144 1748 191 1802 illo
202 1747 364 1800 conticuerat
375 1746 470 1814 magis,
483 1762 564 1814 quarn
582 1745 727 1817 languerat,
747 1747 870 1800 militaris
887 1748 968 1802 favor.
1005 1751 1056 1803 lta·

144 1833 198 1887 que
216 1825 362 1869 revocatus
385 1817 500 1867 restern‘
522 1815 617 1883 fratris,
641 1832 703 1868 eam
727 1817 820 1886 ipsam,
845 1833 915 1888 quae
938 1819 966 1871 in
990 1819 1056 1872 sella

145 1887 229 1957 posita
249 1887 342 1954 luerat,
363 1884 490 1938 induitur.
528 1885 562 1938 Et
580 1883 720 1952 Meleager
738 1884 845 1938 thorace
864 1896 967 1957 sumpto
986 1891 1056 1959 capit

145 1973 228 2026 arma,
247 1955 308 2008 novi
326 1955 395 2022 regis
413 1953 529 2006 satelles.
566 1953 690 2023 Sequitur
708 1953 831 2024 phalanx,
852 1954 936 2009 hastis
956 1957 1056 2027 clipeos

144 2029 275 2096 quatiens,
296 2023 434 2093 expletura
458 2040 487 2076 se
511 2023 639 2092 sanguine
664 2023 776 2090 illorum,
797 2024 843 2093 qui
866 2025 1055 2080 affectaverant

145 2095 211 2149 nihil
223 2095 257 2147 ad
270 2095 341 2164 ipsos
353 2094 489 2163 pertinens
502 2110 621 2162 regnum.
657 2093 685 2146 In
699 2094 796 2147 eadem
808 2095 886 2148 domo
899 2093 1055 2166 familiaque

145 2165 250 2235 imperii
266 2166 337 2216 vires
353 2179 520 2216 remansuras
537 2180 598 2216 esse
615 2162 782 2232 gaudebant,
802 2163 990 2218 hereditarium
1007 2167 1056 2220 ivo-

145 2236 249 2306 perium
262 2233 373 2303 stirpem
387 2233 487 2301 regiam
501 2233 696 2286 vindicaturam
704 2235 722 2301 3⁵
739 2242 861 2286 assuetos
878 2251 939 2287 esse
957 2252 1053 2290 nomen

144 2307 233 2375 ipsum
256 2303 343 2356 colere
362 2303 543 2372 venerarique,
567 2319 619 2354 nec
641 2318 805 2372 quemquem
829 2303 855 2356 id
879 2321 983 2374 capere,
1004 2306 1056 2362 nisi

143 2375 263 2444 genitum
275 2381 305 2426 ut
317 2381 446 2440 regnaret.

180 2449 222 2497 24.
241 2443 322 2511 Igitur
346 2441 471 2494 Perdicca
493 2441 607 2510 territus,
627 2440 762 2511 conclave,
787 2442 814 2496 in
838 2459 891 2513 quo
910 2443 1055 2499 Alexandri

143 2529 239 2584 corpus
261 2511 375 2582 jacebat,
399 2511 514 2564 obserari
537 2510 622 2580 jubet.
660 2510 783 2564 sexcenti
806 2529 868 2566 cum
893 2512 949 2583 ipso
972 2523 1053 2584 erant,

144 2591 281 2654 spectatae
306 2580 425 2633 virtutis:
456 2579 625 2634 Ptolemaeus
653 2597 759 2650 quoque
789 2599 818 2634 se
847 2582 1003 2653 adjunxerat
1017 2583 1054 2653 ei,

144 2667 339 2724 puerorumque
358 2650 431 2718 regia
449 2649 550 2703 cohors.
586 2651 711 2704 Ceterum
731 2650 801 2704 haud
820 2651 963 2704 difficulter
981 2669 997 2704 a
1016 2661 1054 2706 tot

144 2722 253 2776 milibus
270 2729 431 2774 aneatorum
448 2718 563 2771 claustra
580 2719 794 2789 pertractarunt.
832 2721 866 2774 Et
885 2738 931 2774 rex
949 2737 1054 2791 quoque

172 2853 239 2902 ¹We
257 2852 307 2901 find
327 2851 386 2900 hotlr
403 2853 530 2914 irrumpere
545 2852 634 2912 regium
648 2850 695 2899 and
710 2853 840 2913 trmnpere
854 2853 881 2900 in
897 2854 994 2914 regiam,
1013 2858 1053 2902 ‘to

142 2913 218 2964 break
229 2913 280 2960 into
290 2912 332 2960 the
343 2910 442 2971 palaea!

169 2987 245 3036 ''He
257 2983 345 3046 agreed
356 2983 414 3031 with
426 2982 467 3030 tire
482 2991 546 3031 etate
562 2983 587 3030 in
602 2983 688 3043 regard
703 2990 728 3029 to
744 2981 786 3030 the
801 2997 856 3030 new
867 2982 927 3044 king
937 2983 993 3033 who
1004 2983 1053 3035 had

142 3049 205 3096 been
215 3045 272 3106 only
280 3047 332 3105 just
344 3042 473 3092 conceived
485 3042 581 3098 (bornt,'
594 3043 614 3090 is
626 3041 676 3090 said
690 3041 748 3091 with
759 3042 828 3101 irony
838 3057 866 3091 or
876 3053 1008 3102 contempt.

170 3117 284 3167 ²‘Their
302 3116 442 3166 inclination
460 3115 546 3163 turned
565 3114 671 3163 towards
691 3113 731 3163 the
751 3115 833 3176 lting'e
851 3116 921 3174 scn3’
946 3117 1051 3167 towards

142 3177 224 3238 Philip
233 3177 392 3232 Arrhidaeus,
403 3176 428 3222 in
438 3175 607 3235 oppositionis
617 3173 754 3232 Perdiccas,
765 3175 821 3224 who
829 3175 877 3225 had
886 3177 949 3224 been
957 3176 1052 3226 elected

140 3247 236 3344 ‘⁶932ss
249 3295 329 3344 cmm.
339 3294 353 3346 t
362 3297 414 3351 259,
429 3296 448 3341 1.

170 3361 255 3410 ‘'I'lrat
267 3375 282 3408 a
292 3357 439 3408 descendant
448 3357 476 3406 ol
487 3357 529 3406 the
545 3356 627 3419 king’s
638 3357 719 3407 would
733 3358 848 3407 maintain
859 3358 901 3408 the
912 3357 1050 3422 hereditsry

139 3429 309 3484 gonnorem,
322 3433 350 3468 or
359 3417 401 3468 thc
417 3416 553 3478 hereditesy
564 3417 628 3486 right
639 3427 665 3468 to
675 3417 717 3468 the
727 3417 875 3468 successies.
