2274 3844
439 243 531 284 araas
550 241 614 282 rm.
762 215 768 236 ‘
923 233 982 289 220

61 357 159 403 tamen
172 350 287 416 gratiam
298 349 398 406 meriti¹
410 353 520 406 sceleris
531 355 661 422 atrocitas,
674 353 879 426 denuntiarique
899 355 981 427 'ussit,

64 428 94 473 at
118 420 264 472 excederet
287 423 388 490 castris,
413 439 465 476 nau
492 421 617 495 limatius
646 423 772 477 barbarae
795 442 893 497 exemp
904 443 933 479 ar
955 428 981 481 in

61 491 231 544 Graecorum
244 507 330 544 mores
342 501 368 545 et
381 492 455 545 mitia
466 493 573 561 ingenia
585 494 745 545 transferret.

103 565 145 612 1³.
167 560 264 632 Dahae,
284 562 444 632 Spitamenis
460 563 543 616 caede
562 572 703 632 comperta,
718 563 922 634 Dataphernem,
935 565 981 618 de·

63 630 195 684 fectionis
213 632 272 701 ejus
288 634 453 704 participem,
467 636 586 687 vinctum
601 633 752 686 Alexandro
771 651 852 704 seque
871 635 980 688 dedunt.

64 700 124 770 liic,
140 703 259 754 maxima
276 705 455 772 praesentium
474 720 596 758 curarum
616 714 689 771 parte
706 703 839 771 liberatus,
852 705 981 758 convertit

64 771 190 824 animum
202 772 238 824 ad
252 773 425 826 vindicandas
443 773 554 844 injurias
570 790 669 842 eorum,
682 773 779 842 quibus
790 790 806 824 a
819 775 982 842 praetoribus

64 840 125 894 suis
136 858 217 893 arare
228 859 262 894 ac
274 843 386 912 superbe
398 844 586 914 imperabatur.
622 843 691 910 Ergo
710 843 805 895 Phrata
826 844 899 895 heroi
915 845 979 914 Hyr·

64 910 176 964 caniam
197 920 224 964 et
246 913 354 980 Mardos
376 931 438 966 cum
463 913 577 984 Tapyris
600 912 714 982 tradidit,
734 861 931 982 mandavitque,
952 923 980 966 ut

66 981 229 1050 Phradaten,
251 983 293 1034 cui
317 983 479 1037 succedebat
508 984 542 1036 ad
566 999 596 1036 se
620 983 647 1035 in
671 982 819 1035 custodiam
843 983 982 1036 mitteret?

66 1052 186 1119 Arsami,
218 1053 380 1120 Drangarum
411 1022 552 1122 praefecto,
583 1052 742 1105 substitutus
772 1061 813 1104 est
842 1052 980 1121 Stasanor,

66 1123 185 1173 Arsaces
208 1121 233 1173 in
257 1122 378 1176 Mediam
401 1123 506 1192 missus,
528 1133 556 1175 ut
577 1121 713 1192 Oxydates
735 1121 797 1174 inde
820 1121 979 1175 discederet.

66 1190 224 1259 Babylonia,
237 1191 374 1244 demortuo
385 1193 507 1261 Mazaeo,
520 1193 639 1246 Stameni
651 1190 773 1261 subjecta
785 1202 833 1244 est.

107 1264 147 1313 ta,
167 1261 215 1314 His
227 1262 379 1330 compositis
397 1263 471 1315 tertio
492 1279 586 1316 mense
606 1279 640 1316 ex
660 1261 788 1315 hibernis³
804 1261 887 1314 morit
906 1277 980 1314 exsr-

66 1331 162 1396 citum,
177 1331 319 1401 regionem,
333 1349 401 1402 quae
416 1332 524 1386 Gabaza
542 1332 697 1402 appellatur,
711 1332 839 1384 aditurus.
876 1331 981 1384 Primus

66 1400 127 1453 dies
146 1399 269 1521 (piatum
293 1401 342 1454 iter
365 1401 503 1472 praebuit:
527 1402 663 1472 proximus
686 1403 711 1455 ei
733 1402 850 1454 nondum
870 1401 980 1471 quidam

65 1470 232 1540 praeciosus
255 1481 282 1523 et
308 1473 395 1542 tristis,
419 1471 554 1525 obscurior
580 1481 670 1524 tamen
696 1473 823 1543 pristino,⁴
847 1488 896 1524 non
923 1472 980 1526 siue

66 1540 150 1592 minis
167 1542 313 1594 crescentis
330 1542 394 1594 maii
413 1541 557 1611 praeteriit.
593 1541 683 1594 Tertio
695 1543 729 1595 ab
741 1543 812 1595 omni
825 1551 899 1612 parte
911 1541 981 1594 coeli

67 1611 186 1662 emicare
199 1610 311 1679 iuigura,
325 1619 352 1664 et
365 1628 435 1664 nunc
447 1611 617 1665 internitente
630 1611 699 1681 luce,
713 1629 783 1666 nunc
801 1612 915 1681 condita,
929 1628 980 1665 non

66 1680 160 1733 oculos
180 1680 261 1734 modo
280 1682 403 1734 meantis⁶
423 1681 562 1750 exercitus,
583 1681 630 1734 sed
655 1683 737 1735 etiam
758 1683 862 1735 animos
883 1690 980 1734 terrere

66 1758 221 1819 coeperant.
266 1751 328 1804 Erat
352 1767 433 1821 prope
456 1751 596 1804 continuus
618 1747 685 1804 coeli
710 1750 803 1820 fragor,
829 1761 855 1804 et
879 1751 980 1820 passim

65 1821 221 1873 cadentium
234 1821 378 1874 fulminum
390 1821 495 1891 species
507 1820 648 1873 visebatur.
679 1822 857 1890 Attonitisqua
869 1819 980 1874 auribus

65 1897 178 1960 stupens
195 1907 291 1959 agmen
310 1907 361 1944 nec
378 1891 506 1960 progredi,
520 1906 570 1943 nec
588 1889 733 1943 consistere
748 1891 873 1944 audebat.
910 1891 980 1943 Tum

51 1970 178 2030 ·repente
191 1961 277 2015 imber
288 1961 444 2030 grandinem
456 1959 589 2013 incutiens
601 1959 722 2012 torrentis
733 1959 813 2013 modo
826 1959 979 2013 effunditur.

64 2032 107 2083 Ac
119 2031 206 2099 primo
221 2032 329 2100 quidem
348 2032 430 2084 armis
448 2031 504 2082 suis
521 2030 584 2082 tecti
603 2038 770 2098 exceperant,
790 2029 838 2082 sed
855 2029 910 2098 jam
929 2045 980 2081 nec

65 2100 181 2152 retinere
199 2117 275 2154 arma
292 2101 410 2154 iubricae
428 2107 455 2152 et
474 2100 590 2168 rigentes
607 2115 703 2152 manus
718 2107 845 2169 poterant,
860 2116 910 2152 nec
928 2097 979 2169 ipsi

64 2168 209 2239 destinare,
228 2171 254 2223 in
273 2188 352 2240 quarn
374 2169 507 2238 regionam
529 2169 696 2222 obverterent
716 2185 832 2240 corpora,
852 2185 913 2222 cum
933 2185 979 2221 urr-

64 2238 147 2310 dique
162 2242 328 2309 tempestatis
337 2239 461 2293 violentia
474 2238 565 2308 major,
579 2255 660 2308 quam
670 2238 808 2308 vitabatur,
821 2246 978 2292 occurreret.

65 2309 135 2378 Ergo
153 2309 290 2364 ordinibus
308 2311 401 2362 soiutis
419 2325 465 2379 per
484 2317 568 2360 totum
580 2308 676 2361 saltum
689 2309 868 2362 errabundum
881 2325 979 2377 agmen

64 2379 216 2449 terebatur3
230 2380 360 2450 multique
372 2379 444 2450 prius
456 2388 538 2447 metu,
551 2395 633 2447 quarn
646 2377 734 2431 labora
746 2378 894 2448 defatigati,
908 2396 979 2449 pros·

64 2457 198 2502 traverant
217 2449 292 2503 humi
310 2466 425 2520 corpora,
442 2463 604 2518 quamquam
623 2448 738 2502 imbrem
751 2449 792 2502 vis
805 2449 906 2519 frigoris
918 2465 979 2502 eon·

63 2525 136 2572 creto
154 2520 218 2587 gelu
235 2519 413 2573 astrinxerat.⁸
447 2518 501 2573 Alii
518 2535 548 2570 se
566 2518 700 2589 stipitibus
714 2519 837 2573 arborum
853 2519 979 2573 admove·

92 2651 100 2676 ¹
113 2646 187 2729 ‘'The
195 2647 238 2707 joy
249 2645 296 2694 and
306 2643 426 2706 gratitude
437 2641 543 2704 inspired
554 2644 587 2703 by
597 2641 638 2690 tha
649 2643 742 2691 service
753 2643 869 2692 rendered
880 2654 905 2693 to
916 2612 977 2693 him·

62 2703 235 2824 „licompars
245 2765 277 2812 vi.
291 2767 326 2812 13.

93 2829 102 2854 ³
113 2824 214 2880 Which,
227 2823 355 2884 according
365 2831 391 2871 to
401 2821 467 2870 what
478 2821 522 2870 has
532 2835 594 2883 gone
605 2820 697 2879 before,
709 2819 758 2868 had
768 2821 831 2868 been
841 2819 866 2867 in
876 2818 917 2867 the
927 2819 976 2869 dis·

64 2883 160 2992 “at
168 2883 298 2992 tritta
325 2945 385 2990 a,

93 2960 259 3072 'Egbivaieut
278 2961 502 3064 topprogredr'entie.
534 2999 619 3068 Macra
633 2997 654 3046 is
670 3012 685 3045 a
699 2995 833 3044 somewhat
850 3009 912 3055 rats,
930 2998 978 3048 and

65 3061 146 3110 rather
161 3061 265 3120 poeticai
277 3061 350 3117 word,
365 3061 423 3109 used
440 3064 471 3121 by
484 3060 593 3114 Curtius,
607 3072 632 3105 rn
647 3055 741 3124 sararal
757 3071 880 3116 passages,
895 3056 924 3105 oi
936 3057 976 3106 the

65 3121 150 3170 breath
163 3122 290 3183 (spiritus),
303 3121 362 3169 then
372 3120 400 3168 of
407 3121 482 3168 rivers
493 3118 540 3168 and
550 3118 626 3177 ships,
640 3115 720 3164 which
731 3131 802 3164 move
813 3116 941 3180 according
951 3127 977 3166 to

65 3179 249 3299 spefiptlprrapyrp
257 3179 552 3287 ptssprpogrreeessppnffievcold
563 3234 610 3284 had
622 3233 703 3283 bound
714 3235 754 3282 tha
765 3235 817 3283 rain
828 3233 887 3284 with
898 3235 976 3284 atirm

65 3297 124 3348 frast
134 3299 151 3356 ;'
169 3299 221 3346 that
237 3298 267 3355 is,
283 3299 338 3346 ‘the
354 3297 408 3346 coid
420 3312 470 3345 was
486 3311 514 3344 so
530 3295 633 3350 intensa,
645 3294 697 3342 that
714 3293 755 3342 the
771 3295 823 3343 rain
834 3294 913 3342 which
930 3295 977 3344 had

65 3357 139 3406 fallen
150 3374 202 3406 was
213 3357 293 3406 airead
321 3357 401 3406 frozen
410 3356 426 3404 ε’
439 3356 481 3404 the
492 3354 632 3414 expression
646 3355 703 3416 gelu
712 3363 816 3403 marrata
826 3355 847 3402 is
858 3354 974 3414 posticam

65 3417 102 3466 ior
111 3418 154 3466 the
162 3420 228 3480 gala.
241 3417 283 3466 the
294 3373 362 3472 host,
375 3417 396 3464 is
411 3424 452 3464 not
469 3413 538 3463 itseii
549 3422 687 3469 cosmatum,
700 3415 742 3462 but
759 3413 778 3483 it
794 3414 879 3462 makes
891 3430 978 3475 equam

65 3485 202 3532 cometam
214 3492 242 3524 or
268 3478 347 3532 tader,
361 3475 406 3524 ica.
437 3473 467 3523 In
482 3473 523 3522 the
536 3489 603 3522 same
614 3487 714 3522 manner
726 3473 791 3522 Ovrd
801 3472 846 3521 has
856 3475 922 3524 uada
931 3477 977 3525 coit

65 3537 164 3586 astricto
172 3537 238 3598 gela,
250 3545 259 3584 t
279 3536 343 3598 ough
351 3536 409 3598 gela
418 3535 542 3596 astringit,
555 3543 596 3583 not
607 3534 763 3594 astringitur.
