2278 3846
143 207 201 262 trs
405 221 445 262 na
468 220 575 262 crsrrs
597 221 780 262 sumnum.

138 333 211 384 sicae
275 330 316 384 iae
338 345 387 400 par
404 330 513 384 deorum
535 330 671 402 potentiae
693 329 838 400 lastiginm¹
854 331 1051 387 aemulabatur.

138 401 231 455 Jacere
275 400 331 454 umi
351 399 552 454 venerabundos
574 401 682 470 ipsum,³
702 401 885 471 paulatimque
909 401 1053 456 serr-ilibus

139 469 291 522 ministeriis
310 478 348 522 tot
365 471 479 523 victores
500 470 621 537 gentium
645 469 764 524 imbuere
787 478 814 523 et
837 471 953 540 captivis
975 489 1056 541 pares

139 539 228 592 facere
251 557 284 592 err
331 539 401 593 ebat.
437 540 476 593 Ita
496 555 529 591 ue
555 556 716 610 purpureum
741 539 867 592 diadema
893 541 1053 594 distinctum

138 608 220 677 albo,⁸
234 625 313 678 quas
333 610 435 664 Dareus
452 609 487 662 ba
506 609 683 678 uerat‚=capiti
694 609 877 680 circumdedit,
891 623 1055 679 vestemque

139 678 274 732 Persicam
292 695 352 732 sum
386 680 413 747 it,
433 695 466 734 ne
484 695 563 750 omen
580 678 691 749 quidem
708 681 816 748 veritus,
828 679 900 748 quod
916 697 934 732 a
946 679 1054 734 victoris

138 747 286 816 insignibus
303 750 330 802 in
367 749 446 802 evicti
464 749 585 802 transiret
608 748 738 801 habitum.
775 750 809 802 Et
827 749 873 802 ille
891 767 921 803 se
940 749 1052 820 quidem

138 817 223 887 spolia
235 819 373 871 Persarum
385 829 491 888 gestare
502 818 622 870 dicebat:
636 819 682 870 sed
695 835 757 871 curn
771 819 822 870 illis
834 821 952 889 quoque⁴
965 837 1056 872 mores

139 887 267 959 induerat,
281 889 486 958 superbiamque
504 887 611 942 habitus
625 888 707 940 animi
726 888 866 940 insolentia
879 889 1051 958 sequebatur.

139 957 253 1011 Litterae
293 975 380 1027 troque
412 975 479 1028 quas
501 958 528 1011 in
551 957 685 1037 Europam
708 959 830 1026 mitteret,
856 960 957 1012 veteris
978 959 1054 1012 anuli

138 1042 247 1096 gemma
270 1044 285 1079 o
305 997 433 1098 signabat,
457 1028 506 1097 his,
530 1043 598 1097 ques
627 1044 654 1080 rn
684 1028 777 1080 Asiam
807 1027 945 1097 scriberet,
972 1027 1054 1080 Darei

138 1096 234 1150 anulus
251 1095 466 1168 imprimebatur3
483 1107 512 1150 ut
528 1105 674 1168 appareret,
694 1113 776 1150 unum
795 1097 917 1149 animum
936 1097 1054 1155 duorum

140 1183 191 1220 non
209 1183 305 1237 capere
324 1168 464 1220 fortunam.
501 1167 609 1220 Amicos
627 1183 689 1218 vero
706 1175 733 1218 et
750 1167 854 1236 equites
869 1165 909 1238 (hi
924 1168 1055 1236 namque⁵

140 1236 272 1306 principes
294 1237 429 1307 rnilitum),
454 1245 626 1306 aspernantes
648 1235 755 1305 quidem
780 1235 825 1288 sed
851 1251 975 1288 recusare
1001 1252 1053 1288 nou

139 1321 226 1375 ausos,
245 1306 358 1359 Persicis
375 1315 513 1359 ornaverat
525 1306 650 1358 restibus.
687 1305 800 1358 Pellices
812 1305 875 1358 CCC
887 1314 914 1357 et
926 1305 980 1372 LX,
994 1304 1053 1357 toti·

139 1375 202 1430 dem
221 1385 283 1445 quot
302 1375 380 1428 Darei
398 1375 510 1444 sueram,
530 1376 630 1444 regiam
649 1375 802 1445 implebant,
819 1391 887 1444 quas
901 1374 1053 1444 spadonum

138 1461 240 1516 greges,
253 1453 280 1497 et
292 1444 341 1513 ipsi
355 1443 494 1498 muliebria
506 1445 560 1514 pati
572 1445 680 1513 assueti,
693 1445 880 1515 sequebantur.

175 1519 217 1566 21.
238 1511 322 1566 llaeo⁴
347 1513 410 1567 luxu
440 1523 467 1566 et
495 1515 640 1584 peregrinis
669 1514 768 1567 iniecta
796 1513 916 1568 moribus
945 1525 1053 1566 veteres

140 1583 253 1654 Philippi
278 1583 386 1653 milites,
409 1583 481 1636 nrdis
501 1585 571 1637 natio
593 1581 627 1636 ad
651 1584 808 1654 voluptates,
832 1583 921 1653 palam
945 1599 1054 1636 aversa·

139 1652 241 1722 bantur,
255 1655 366 1722 totisque
383 1653 477 1706 castris
495 1669 563 1706 unns
579 1653 699 1707 omnium
718 1655 812 1707 senslrs
827 1669 861 1705 ac
879 1669 966 1706 sermo
984 1663 1051 1724 erat,

139 1723 200 1794 plus
219 1723 349 1776 amissum
369 1723 487 1792 victoria,
507 1739 590 1791 quarn
609 1723 681 1776 bello
701 1739 760 1776 esse
782 1723 943 1792 quaesitum.
979 1724 1052 1776 Tum

139 1793 255 1846 maxime
274 1793 346 1846 vinci
369 1793 447 1864 ipsos,
468 1793 585 1862 dedique
607 1793 702 1846 alienis
725 1793 842 1846 moribus
864 1801 892 1844 et
915 1793 1052 1845 externis:

140 1871 228 1916 tantae
246 1879 336 1916 morae
353 1863 480 1934 pretium⁷
497 1862 590 1916 domos
606 1863 682 1932 quasi
700 1864 727 1916 in
742 1862 845 1932 captivo
857 1861 950 1914 habitu
965 1877 1052 1914 rerer·

139 1948 221 1985 suros.
251 1933 355 1988 Pudere
366 1933 421 2002 jern
434 1931 485 1988 sui.
516 1933 626 2000 Regem,
639 1934 718 1986 victis
728 1949 808 2002 quam
821 1929 966 1984 victoribus
978 1931 1051 1984 simi-

139 2001 239 2073 liorem,
260 2021 295 2056 en
315 2003 490 2057 Macedoniae
510 2003 666 2071 imperatore
690 2003 769 2056 Darei
792 2011 912 2070 satrapen
938 2000 1050 2054 iactum.

139 2072 187 2125 llle
200 2090 250 2127 non
263 2074 369 2142 ignarus
381 2082 407 2126 et
420 2072 551 2142 principes
562 2071 708 2124 amicorum
723 2081 750 2124 et
766 2071 913 2124 exercitum
932 2073 1052 2139 graviter·

138 2141 245 2211 offendi,
269 2144 382 2212 gratiam
408 2141 568 2195 liberalitate
593 2139 720 2210 donisque
746 2157 867 2212 reparare
881 2141 1050 2210 ¹temptabat.
1109 2173 1113 2180 »

138 2211 197 2279 Sed,
211 2212 308 2290 opinor,
318 2211 410 2266 liberis
422 2213 536 2282 pretium
548 2212 681 2264 servitutis
693 2212 823 2280 ingratum
836 2219 884 2262 est.
922 2211 1052 2279 igiturne

138 2281 164 2332 in
178 2281 334 2335 seditionem
347 2299 390 2334 res
402 2291 555 2348 verteretur,
569 2281 653 2334 otium
666 2280 888 2350 interpellandum
900 2289 958 2332 erat
971 2280 1049 2350 bello,

138 2349 216 2418 cujus
234 2351 347 2403 materia
366 2359 510 2419 opportune
528 2349 669 2404 alebatur.⁸
703 2351 826 2426 Namque
846 2349 953 2418 bessus,
973 2359 1049 2403 veste

139 2423 212 2486 regia
224 2428 337 2488 sumpta,
351 2421 515 2472 Artaxerxen
528 2420 654 2489 appellari
667 2437 696 2474 ee
710 2420 830 2490 jusserat,
842 2419 1012 2489 Scythasque
1022 2426 1050 2472 et

138 2497 240 2542 ceteros
251 2490 350 2542 Tanais
365 2488 471 2542 accolas
486 2489 667 2543 contrahebat.
703 2491 776 2542 Haec
788 2489 974 2543 Satibarzanes
986 2505 1050 2542 nun·

167 2651 175 2674 ¹
188 2644 325 2693 ‘Lostiness
333 2647 348 2695 ι’
359 2647 491 2707 fastigium
501 2641 604 2705 literally
615 2659 698 2692 means
709 2643 750 2692 the
761 2642 827 2704 ridge
838 2643 866 2690 of
876 2659 890 2690 a
901 2643 990 2696 house.
1003 2642 1048 2691 and

138 2721 204 2754 more
221 2704 374 2765 particularly
385 2704 437 2752 that
449 2705 579 2766 triangulor
589 2703 652 2764 peak
663 2703 743 2752 which
754 2718 804 2750 was
815 2703 857 2750 the
868 2702 976 2761 peculiar
988 2703 1049 2751 form

137 2764 166 2814 os
178 2765 219 2812 the
229 2765 284 2812 roos
296 2764 323 2812 oi
335 2781 349 2812 a
359 2763 457 2824 temple.

165 2825 241 2872 'The
257 2823 353 2894 leading
363 2825 421 2873 verb
437 2824 458 2872 is
474 2823 597 2886 expetebat,
613 2822 657 2869 ‘he
669 2821 777 2879 desired;
796 2832 877 2868 strove
889 2821 959 2870 that.’
993 2820 1048 2868 The

137 2885 221 2932 verbal
236 2885 368 2944 adjectrves
384 2884 408 2931 in
423 2886 516 2930 bandus
532 2881 642 2940 properly
653 2881 683 2928 do
698 2892 739 2928 not
756 2896 845 2941 govern
858 2893 905 2940 any
917 2895 987 2936 csse;
1007 2882 1049 2928 bat

137 2943 198 2991 suclr
214 2959 240 2990 as
257 2959 296 2990 are
312 2943 411 2992 derived
424 2943 484 2990 from
497 2941 621 2989 transitive
632 2941 704 2988 verbs
716 2955 756 2988 aro
767 2940 908 2988 sometimes
919 2939 1048 2986 construed

138 3001 197 3050 with
208 3002 249 3049 the
261 3003 405 3051 accusative.
438 3001 484 3049 See
498 3001 576 3048 Grum.
588 2999 602 3050 i
613 3002 662 3047 145.

166 3061 244 3108 '‘Set
256 3061 293 3108 off
306 3062 364 3110 with
375 3061 466 3109 white)

165 3126 175 3148 ⁴
186 3119 240 3167 The
266 3137 341 3180 coque
351 3120 452 3180 belongs
463 3128 489 3167 to
499 3135 579 3166 nura.
606 3116 661 3165 The
670 3116 773 3177 position
780 3117 857 3177 ought
865 3116 985 3166 therefore
993 3130 1047 3176 pro·

137 3179 208 3288 perlq
216 3187 241 3226 tn
251 3134 313 3246 iove
324 3179 386 3227 been
397 3196 469 3248 morea
480 3193 576 3284 qrqque,
648 3235 652 3246 Ι
715 3235 721 3245 ¹

166 3245 175 3273 ⁸
209 3236 307 3285 eardrn
336 3237 516 3296 theposrtrono
541 3237 590 3284 thur
600 3243 762 3295 conjunctus,
775 3250 817 3283 see
830 3235 929 3296 Zumpt,
942 3234 1018 3286 rats.

165 3304 174 3328 ⁸
187 3253 285 3345 ‘Tisse
297 3253 378 3363 tiings
386 3297 402 3352 ;'
421 3296 472 3364 that
483 3297 514 3365 is,
526 3295 574 3364 this
585 3293 729 3355 disgracesrrl
740 3303 803 3342 state
814 3294 842 3342 of
853 3302 963 3343 matters.

138 3361 176 3462 ὦ
184 3357 215 3462 {q
222 3355 440 3472 qppgosqtqqngrthe
449 3355 565 3402 rnhnrtrve
576 3371 709 3403 reuersuros
718 3371 779 3411 earn·
796 3359 837 3402 ‘trs
846 3353 888 3403 the
897 3353 944 3403 dno
954 3351 1047 3404 round

166 3476 174 3501 ⁸
188 3473 240 3520 ‘An
250 3470 362 3520 occasion
372 3468 400 3517 of
407 3468 487 3517 which
497 3471 642 3530 seasouably
653 3471 745 3521 offered
754 3469 836 3521 isselt:
