2278 3846
486 243 578 288 arara
597 245 625 287 r.
948 229 1006 290 lab

89 353 162 409 estr¹
187 371 269 412 nemo
292 373 309 410 e
331 355 407 410 vobis
429 355 564 411 fastidium
587 355 776 425 Macedonum,
800 369 880 410 nemo
901 355 1006 414 volum

89 426 242 496 superbum
254 426 324 480 serre
343 435 458 494 cogetur.
495 426 548 479 Sua
567 426 664 496 cuique
683 425 793 478 dextera
810 435 858 479 aut
876 424 1005 480 ultionem

88 503 129 548 tot
150 496 286 550 malorum
306 498 396 566 pariet,
417 505 462 548 aut
483 496 573 551 finem.
610 495 751 566 Equidem,
768 511 849 564 quam
867 495 1006 550 versabilis

90 563 199 618 fortuna
212 569 253 635 sit,
266 566 455 619 documentum
477 567 535 636 ipsa
555 583 624 618 sum.
660 565 719 618 Nee
737 566 869 617 immerito
886 564 1006 620 mitiores

55 686 61 693 x
89 635 170 688 vices
187 634 247 705 ejus
263 645 385 704 expecto.
421 634 472 687 Sed
488 636 511 688 si
529 635 600 706 jueta
612 651 643 688 ao
655 636 700 704 pia
712 632 782 688 bella
793 635 830 688 dii
842 645 1003 706 aversamur,

89 703 208 758 fortibus
219 715 309 758 tamen
319 706 381 759 viris
392 703 484 758 licebit
495 704 608 758 'honeste
620 705 694 758 mori.
726 704 776 757 Per
787 721 836 772 ego
848 719 897 756 ros
907 703 1005 758 decora

88 774 248 844 majurum,²
264 775 310 845 qui
330 775 409 828 totius
426 775 539 828 Orientis
558 790 638 843 regna
656 791 717 826 cum
738 773 904 828 memorabili
924 775 1004 828 laude

90 852 246 914 tenuerunt,
308 861 319 896 r
344 845 402 896 illos
427 847 505 912 viros,
532 845 630 914 quibus
659 845 820 914 stipendium
844 843 1004 898 Macedonia

84 913 229 982 ¹quondam
244 923 270 966 tu
283 914 311 983 it,
325 931 371 984 per
390 921 426 966 tot
444 915 552 968 narium
573 915 675 968 classes
694 915 719 966 in
740 913 880 967 Graeciam
900 915 1003 985 missas,

91 998 142 1051 per
165 993 203 1036 tot
222 994 328 1052 tropaea
346 1000 439 1052 regum
456 1000 501 1036 oro
518 993 546 1037 et
564 983 687 1052 obtestor,
708 993 737 1037 ut
760 983 898 1038 nobilitate
916 994 1005 1038 vestra

90 1055 236 1123 gentisque
265 1052 359 1122 dignos
388 1053 504 1122 spiritue'
531 1054 649 1122 capiatis,
674 1062 703 1106 ut
732 1053 827 1106 eadem
858 1054 1005 1108 cerretantia

90 1122 252 1190 animorum,
280 1140 334 1192 qua
358 1127 501 1204 praeterita
525 1122 660 1194 tolerastis,
680 1122 855 1193 experiemini
877 1123 1004 1192 quicquid

91 1191 193 1246 deinde
212 1192 265 1245 sors
288 1195 385 1246 tulerit.
422 1194 470 1246 Me
495 1202 567 1246 certe
594 1191 621 1245 in
647 1201 806 1264 perpetuum
831 1201 878 1246 aut
896 1192 1005 1246 victoria

90 1262 202 1330 egregia
214 1259 370 1332 nobilitabit,
383 1273 428 1315 aut
442 1280 537 1333 pugna.

129 1337 172 1384 26.
193 1331 269 1384 Haeo
286 1331 391 1384 dicente
415 1333 506 1402 Dareo,
527 1332 674 1404 praesentis
696 1333 804 1403 periculi
823 1331 929 1402 species
948 1347 1004 1385 om·

91 1400 167 1455 nium
188 1401 267 1454 simul
285 1403 365 1454 corda
381 1405 536 1473 animosque
552 1403 654 1455 horrore
672 1404 879 1472 perstrinxerat,⁴
891 1419 940 1456 nec
957 1411 1004 1458 aut

90 1469 238 1524 consilium
260 1471 426 1546 suppetebat,
445 1481 491 1525 aut
516 1489 582 1526 vox:
607 1489 669 1525 curn
690 1472 840 1527 Artabazus
858 1473 1003 1526 vetustissi-

91 1543 164 1593 mus⁸
181 1541 336 1611 amicorum,
351 1559 431 1612 quem
449 1542 581 1610 hospitem
599 1541 682 1598 luisse
701 1543 814 1612 Philippi
835 1558 917 1612 saepe
936 1543 1003 1597 ‹lixi-
1083 1543 1085 1546 ’

91 1627 161 1678 mus,
176 1611 234 1663 Nos
246 1611 327 1680 vero,⁶
339 1611 429 1680 inquit,
444 1612 660 1680 pretiosissimam
679 1622 783 1666 restem
801 1613 895 1666 induti⁷
912 1613 1003 1666 armis·

90 1696 144 1748 que
169 1690 269 1750 quanto
293 1681 408 1734 maximo
438 1681 510 1734 cultu
541 1697 681 1752 possumus
708 1683 835 1752 adornati,
861 1697 952 1752 regern
975 1683 1003 1736 in

89 1751 181 1802 aciem
200 1765 351 1819 sequemur,
366 1767 398 1804 ea
416 1751 522 1820 quidem
545 1762 642 1820 mente,
657 1759 685 1804 ut
698 1752 834 1806 victoriam
855 1769 1002 1822 speremus,

90 1831 207 1872 mortem
238 1835 288 1872 non
320 1835 484 1882 recusemus.
521 1824 642 1874 Assensu
669 1837 799 1890 excepere
824 1824 906 1876 ceteri
933 1824 1003 1877 bano

88 1902 198 1942 rocem.
235 1888 286 1942 Sed
306 1889 485 1960 Nabarzanes,
505 1891 550 1960 qui
574 1891 600 1942 in
622 1889 718 1943 eodem
738 1891 846 1944 oonsilio
865 1903 921 1944 erat
939 1909 1003 1947 oum

88 1957 182 2027 Besso,
203 1958 315 2012 inauditi
333 1969 413 2012 antea
432 1960 556 2012 facinoris
576 1960 702 2012 societate
724 1961 794 2028 inita,
813 1978 906 2030 regern
923 1979 1003 2015 suurn

88 2045 138 2098 per
158 2027 266 2098 milites,
280 2028 376 2098 quibus
394 2030 473 2082 ambo
491 2039 636 2101 praeerant,
656 2029 882 2100 comprehendere
901 2040 928 2084 et
945 2031 1003 2084 vin·

87 2097 144 2150 cire
156 2097 352 2167 decreverant,⁸
363 2115 395 2150 ea
408 2109 506 2166 mente,
520 2109 555 2167 ut,
569 2099 592 2152 si
609 2098 761 2153 Alexander
779 2100 850 2170 ipsos
868 2101 1004 2154 insecutus

77 2165 166 2237 toret,
180 2167 276 2220 tradito
296 2185 359 2238 rege
380 2169 438 2220 vivo
458 2168 553 2221 inirent
572 2169 686 2238 gratiam
704 2170 818 2238 uictoris,
839 2170 927 2238 magni
945 2185 1002 2242 pru·

117 2267 221 2373 {leben
232 2317 305 2362 every
315 2317 361 2350 one
372 2303 416 2350 has
428 2303 515 2363 gained
523 2301 632 2352 sreedom
639 2305 655 2352 ι’
668 2307 732 2354 arilli
741 2323 789 2355 non
798 2306 818 2355 is
827 2306 965 2366 equivalertt
976 2318 1003 2358 to

88 2377 193 2469 “xvidie
204 2361 367 2468 pepuzrppppotfi
377 2362 468 2490 {⁸73⁰
483 2439 523 2471 coa
536 2439 579 2486 per
593 2426 674 2473 deeora
684 2425 816 2486 najaram.
829 2461 834 2473 .
847 2460 853 2473 .
866 2461 873 2474 .
884 2444 924 2476 ure
932 2437 954 2476 et
964 2431 1000 2477 ob·

87 2489 169 2528 testor.
195 2479 342 2547 ¹Regardrng
352 2481 400 2552 tlns
409 2485 467 2530 ordo
477 2485 602 2537 vehamur.
616 2498 657 2531 see
670 2483 767 2554 Zumpt,
781 2484 857 2536 libi.

116 2538 282 2598 'Equrvalent
298 2549 324 2586 to
344 2557 443 2594 anemo.
464 2543 598 2605 ‘couraga’
632 2542 772 2604 Regardrng
791 2543 833 2592 the
854 2545 941 2604 plural,
958 2561 1000 2596 see

91 2597 311 2706 thn'lded‘dedbd
319 2598 572 2727 ppqnpppspneedw
582 2661 629 2710 bed
637 2660 704 2710 filled
715 2661 756 2731 tlte
767 2662 846 2731 minda
857 2663 886 2712 os
897 2663 929 2712 all
939 2663 1000 2713 with

86 2715 190 2784 alam?
207 2726 226 2764 tt
242 2717 290 2765 bad
303 2718 423 2776 ‘stupped
439 2717 487 2766 off’
500 2734 573 2780 every
584 2721 653 2768 uther
671 2719 769 2780 feeling,
779 2735 830 2781 Just
849 2737 876 2770 aa
895 2737 910 2769 a
927 2721 999 2782 sharp

87 2774 155 2824 lrrnle
165 2791 226 2836 goes
237 2791 295 2824 over
305 2793 319 2825 a
328 2786 388 2834 trec,
401 2777 448 2825 and
458 2777 535 2826 clears
546 2780 564 2826 it
575 2779 603 2827 os
615 2780 647 2828 all
658 2780 811 2839 superfluous
822 2779 925 2839 bougbs.

117 2835 181 2882 *See
195 2836 275 2884 Grani.
287 2835 301 2887 b
313 2837 349 2892 97,
363 2845 419 2884 note
432 2841 450 2884 l.
488 2835 561 2886 Vetus
572 2842 660 2888 anaim
672 2839 746 2887 refers
757 2849 799 2885 not
810 2849 835 2885 to
851 2839 894 2885 tlte
909 2855 953 2898 age
968 2839 998 2888 os

86 2893 129 2942 the
141 2910 207 2950 rnen,
217 2895 261 2944 but
273 2904 298 2942 to
309 2895 349 2943 the
361 2895 444 2956 length
455 2896 483 2944 oi
490 2897 527 2945 hie
536 2899 707 2956 acquaintance
716 2897 775 2946 with
787 2897 827 2944 tba
838 2895 914 2946 ather.
943 2897 998 2948 The

84 2951 135 3001 fact
151 2952 180 3023 pf
193 2953 331 3002 Artabazus
347 2954 435 3024 buving
446 2957 507 3005 been
519 2960 622 3019 aloopes
634 2956 662 3004 of
674 2956 764 3014 Philip,
777 2964 843 3003 must
859 2955 919 3004 bare
936 2957 999 3006 been

85 3013 271 3082 mentionedby
284 3013 383 3083 ⁸Curtius
395 3029 419 3062 tn
430 3015 471 3063 the
482 3015 534 3064 titst
546 3031 572 3063 or
583 3015 673 3064 second
684 3015 756 3064 book.
790 3011 828 3062 He
844 3026 940 3075 repeats
955 3018 997 3068 tha

84 3076 387 3206 'tetisrddomisffiirvebddntly
397 3133 458 3202 used
473 3144 499 3181 to
515 3133 638 3202 introduce
650 3147 665 3180 a
675 3131 750 3240 reply.
766 3132 847 3203 'Here
858 3135 997 3186 Artabanus

83 3189 156 3238 takes
167 3207 183 3239 u
211 3191 253 3239 the
264 3201 395 3242 sentiment
406 3207 430 3240 m
441 3193 482 3240 tha
493 3191 633 3240 conclusion
649 3190 677 3240 of
689 3202 697 3239 t
716 3207 729 3240 e
746 3191 828 3256 limg's
839 3195 938 3254 speech,
950 3195 998 3247 and

83 3249 695 3368 ”tatntrntdttttl‘lllttitt

111 3367 188 3418 ‘The
199 3368 278 3428 plural
288 3371 347 3418 verb
358 3369 417 3418 does
428 3380 469 3417 not
487 3383 558 3430 agree
570 3369 629 3419 with
646 3371 688 3420 tbe
706 3372 872 3434 grammaticai
889 3372 994 3434 subject,

86 3425 253 3484 Nehonem,-
271 3429 314 3478 but
324 3428 386 3477 from
397 3428 438 3476 tbe
449 3428 610 3478 interventiou
626 3429 654 3479 oi
665 3431 706 3481 the
722 3441 853 3485 statement
868 3431 997 3497 regundisg

83 3485 187 3546 Bessus,
199 3489 264 3537 ambo
275 3485 296 3537 is
306 3485 438 3537 conmired
447 3501 475 3538 aa
485 3486 527 3537 the
537 3489 643 3551 mbjeet.
