2274 3844
131 193 190 252 284
397 205 436 246 os
460 205 566 246 assuas
588 204 771 246 ronxsrronr.

132 315 323 388 spopondisset.
359 314 461 373 Quodsi
472 314 554 368 oetari
569 313 698 381 dubitent,
712 312 896 382 semetipsum,
909 327 973 366 oum
993 327 1041 364 rex

132 389 222 440 inisset
235 385 392 453 convivium,
404 393 593 454 prostraturum
610 383 685 436 humi
703 393 806 450 eorpus.
844 382 949 434 Debere
968 381 1040 432 idem

133 458 220 509 lacere
232 465 342 522 ceteros,
355 465 383 506 et
394 453 526 522 imprimis
537 452 668 522 sapientia
680 451 826 520 praeditos:
845 451 880 504 ab
900 451 954 504 illis
967 451 1040 503 enim

132 526 219 578 cultus
232 525 257 576 iu
270 541 362 592 regem
374 523 528 590 exemplum
539 539 599 575 esse
612 520 787 590 prodendum.
823 519 900 574 Haud
914 520 1040 589 perplexe

132 596 158 648 irr
170 593 349 647 Callisthenen
361 592 522 660 dirigebatur
539 592 630 644 oratio.
666 590 789 644 Gravitas
807 590 855 642 viri
873 599 900 643 et
920 598 1042 658 prompta

133 664 249 716 libertas¹
268 663 354 716 invisa
371 671 427 714 erat
446 661 507 728 regi,
519 661 594 728 quasi
613 659 685 712 solus
701 659 866 714 Macedones
884 670 992 728 paratos
1008 659 1042 711 ad

133 733 186 786 tole
198 733 357 801 obsequium
369 739 522 783 moraretur.

172 808 211 854 19.
231 803 256 856 ls
273 811 330 854 tum
349 801 455 852 silentio
474 799 551 866 lacto,
564 815 647 852 unum
661 797 736 852 illum
752 797 917 852 intuentibus
936 800 1041 864 ceteris,

133 871 159 924 Si
185 889 238 941 rex,
258 871 350 939 inquit,
370 871 485 922 sermoni
509 881 553 920 tuo
577 867 705 935 affuisset,
726 867 826 921 nullius
849 867 968 936 prolecto
993 885 1043 920 vox

135 942 283 1010 responsuri
302 940 349 993 tibi
365 939 575 992 desideraretur:
594 939 652 1006 ipse
671 937 743 990 enim
755 946 865 1006 peteret,
880 954 913 990 ue
927 937 953 988 in
966 953 1043 1006 pere-

134 1012 221 1078 grinos
244 1018 419 1077 externosque
438 1009 502 1060 ritus
518 1007 680 1074 degenerare
697 1023 727 1060 se
745 1023 861 1074 cogeres,
886 1023 940 1058 neu
964 1006 1044 1060 rebus

135 1079 291 1132 felicissime
303 1079 387 1146 gestis
400 1077 529 1130 invidiam
547 1076 593 1128 tali
610 1075 761 1130 adulatione
774 1075 954 1128 contraheres.
992 1075 1044 1129 Sed

135 1150 260 1218 quoniam
283 1149 368 1216 abest,
394 1163 443 1214 ego
466 1146 514 1199 tibi
536 1162 582 1215 pro
605 1144 651 1198 illo
675 1145 829 1215 respondeo,
854 1143 960 1198 nullum
984 1161 1044 1198 esse

135 1217 251 1271 eundem
264 1226 292 1270 et
304 1217 458 1269 diuturnum
476 1225 504 1268 et
521 1215 709 1285 praecoquem²
720 1215 845 1279 fructum,
858 1213 1045 1283 coelestesque

135 1287 247 1340 honores
258 1303 309 1340 noo
322 1286 385 1338 dare
397 1293 424 1337 te
438 1285 501 1354 regi⁷
514 1285 562 1336 sed
579 1284 692 1336 auferre.
727 1283 867 1337 Intervallo
886 1283 961 1338 enirn
978 1301 1046 1352 opus

135 1365 183 1424 est,
197 1366 225 1409 ut
242 1356 365 1408 credatur
381 1355 455 1422 deus,
470 1370 627 1424 semperque
646 1353 715 1406 hano
732 1354 844 1422 gratiam
863 1353 969 1422 magnis
981 1354 1046 1408 viris

135 1425 234 1494 posteri
257 1425 378 1477 reddunt.
414 1425 471 1490 Ego
489 1433 584 1478 autem
599 1440 688 1476 seram
704 1423 933 1476 immortalitatem
953 1439 1046 1492 precor

136 1495 199 1562 regi,
213 1501 281 1546 utet
293 1496 347 1546 vita
360 1493 483 1546 diuturna
500 1493 542 1562 sit,
556 1502 583 1546 et
601 1500 709 1546 aeterna
726 1493 863 1562 majestas,
899 1493 1046 1546 Hominem

135 1563 304 1631 consequitur
326 1562 475 1631 aliquando,
495 1563 790 1632 nunquamoomitatur
808 1562 944 1616 divinitas.
980 1563 1045 1615 Her·

135 1633 224 1686 culam
241 1631 365 1684 modoet
384 1633 489 1685 Patrem
508 1633 634 1685 Liberum
651 1639 821 1685 consecratae
839 1632 1046 1686 immortalitatis

134 1717 212 1755 exem
233 1700 259 1753 la
283 1701 426 1754 referebas.
462 1702 590 1756 Credisne
614 1701 673 1754 illos
696 1703 775 1754 unius
797 1702 913 1756 convivii
937 1701 1045 1754 decreto

135 1771 200 1824 deos
212 1719 315 1824 hatest
351 1772 426 1824 Prius
438 1772 472 1825 ab
484 1771 568 1824 oeulis
585 1772 738 1824 mortalium
756 1771 866 1824 amolita
881 1779 977 1824 natura
996 1781 1044 1840 est,

153 1857 217 1894 uam
230 1841 256 1893 in
268 1840 373 1894 eoelum
389 1841 461 1894 sama
478 1841 656 1912 perveheret.8
690 1841 808 1894 Scilicet⁴
819 1859 869 1909 ego
882 1850 910 1894 et
923 1849 960 1909 to,
973 1841 1044 1910 Cleo,

135 1857 200 1964 deos
216 1909 348 1963 facimus!
370 1928 387 1962 a
404 1912 480 1964 nohis
496 1910 642 1963 divinitatis
661 1927 726 1964 suae
746 1911 933 1964 auctoritatem
951 1927 1045 1979 accep-

134 1988 211 2034 turus
226 1989 268 2032 est
286 1979 348 2033 rex!
376 1980 522 2048 potentiam
539 1989 613 2033 tuam
632 1980 744 2050 experiri
762 1980 842 2033 libet:
864 1980 909 2034 fac
926 1979 1046 2050 aliquem

135 2065 234 2118 regem,
248 2050 271 2102 si
282 2049 362 2104 deum
376 2058 451 2118 potes
463 2050 560 2102 lacere.
586 2048 702 2108 Facilius
712 2057 753 2102 est
766 2048 871 2102 coelum
883 2049 957 2120 dare,
966 2067 1043 2120 quarn

135 2119 296 2187 imperium.⁵
331 2119 372 2172 Dii
390 2119 495 2188 propitii
513 2119 571 2171 sine
590 2118 694 2188 invidia,
709 2136 777 2188 quae
790 2119 852 2172 Cleo
865 2117 943 2188 dixit,
956 2119 1044 2172 audie·

135 2187 193 2255 rint,
213 2187 363 2256 codemque
380 2205 466 2256 cursu,
479 2205 532 2256 quo
549 2187 649 2242 fluxere
668 2187 758 2242 adhuc
777 2205 826 2257 res,
841 2189 885 2240 ,ire
904 2189 1043 2258 patiantur.

135 2257 237 2308 Nostris
248 2257 365 2310 moribus
373 2257 456 2310 velint
467 2274 515 2310 nos
527 2275 586 2310 esse
595 2266 738 2310 contentos.
768 2259 827 2311 Non
840 2257 925 2326 pudet
956 2259 1042 2326 atriae,

135 2339 185 2377 neo
194 2324 322 2395 desidero,
336 2326 462 2394 adquam
473 2327 594 2380 modum⁸
605 2343 652 2380 rex
664 2326 729 2379 mihi
741 2326 868 2380 colendus
881 2327 923 2396 sit,
932 2276 1042 2380 discere.

135 2393 208 2473 Quos
226 2394 352 2473 equidem
365 2395 478 2448 victores
497 2413 557 2449 esse
577 2397 708 2467 confiteor,
725 2395 747 2448 si
767 2397 801 2450 ab
818 2395 872 2450 illis
889 2396 974 2466 leges,
988 2397 1043 2468 quis
1127 2419 1128 2462 l

135 2479 264 2533 vivamus,
277 2463 433 2532 accipimus.
1127 2465 1128 2472 ’

165 2603 172 2624 ¹
184 2596 299 2656 ‘Prompt
310 2595 459 2656 out-spoken
470 2596 649 2657 independence
660 2597 687 2649 of
696 2598 784 2658 spirit.'
818 2597 985 2648 Callisthenes
996 2616 1042 2648 was
1126 2593 1128 2656 j

136 2673 151 2704 a
166 2657 246 2705 native
267 2655 295 2704 of
314 2655 446 2718 Olynthus,
465 2656 512 2704 and
527 2674 542 2705 a
557 2657 726 2708 relationand
747 2657 846 2718 disciple
868 2657 896 2706 of
914 2659 1041 2715 Aristode,

136 2715 241 2776 through
257 2731 340 2764 means
357 2715 384 2764 ol
400 2715 482 2763 whom
497 2715 528 2765 he
544 2717 643 2765 became
660 2717 803 2776 acquainted
819 2717 879 2766 with
895 2719 1042 2767 Alexander.

136 2775 175 2824 He
183 2775 352 2834 accompanied
361 2773 401 2822 the
411 2775 470 2835 king
479 2791 508 2822 on
518 2775 556 2824 his
568 2777 706 2835 expedition
715 2777 765 2825 into
773 2777 843 2833 Asia,
852 2777 877 2824 in
886 2777 928 2825 the
936 2779 1043 2838 capacity

136 2835 164 2882 ol
176 2834 390 2896 historiographcr3
408 2833 455 2882 aod
466 2834 503 2882 his
518 2834 618 2894 history,
632 2835 732 2884 entitled
745 2841 846 2896 Περσικὰ,
859 2851 912 2884 was
922 2837 997 2886 much
1007 2853 1041 2884 es·

137 2893 233 2942 teemed
244 2895 276 2954 by
287 2893 328 2942 the
339 2893 455 2950 conciente,
469 2893 561 2955 though
572 2893 610 2942 his
621 2894 787 2954 descriptione,
801 2895 849 2944 doc.
861 2911 927 2944 were
938 2897 1011 2956 given
1020 2895 1042 2943 io

136 2968 151 2999 a
161 2953 296 3000 somewhat
308 2952 436 3001 rhetorical
446 2951 518 3012 style.
1086 2973 1090 2979 ·

164 3011 292 3068 'Promea
305 3013 417 3072 genetiva
425 3013 561 3074 praecoquis
573 3027 600 3060 or
606 3015 731 3074 praecocia,
747 3013 925 3074 ‘prematurely
935 3013 1004 3074 ripe!

165 3080 294 3150 8‘Nature
306 3084 365 3132 toolr
376 3085 442 3133 thern
453 3099 522 3144 away
533 3084 595 3133 from
605 3084 646 3133 the
657 3084 722 3146 sight
733 3085 761 3133 ol
767 3085 875 3142 mortale,
888 3086 972 3134 before
982 3085 1041 3134 fame

137 3143 194 3191 bore
205 3141 273 3190 thern
284 3152 335 3190 ruto
346 3144 456 3192 heaven!

165 3207 174 3228 ⁴
185 3207 190 3227 ‘
201 3199 242 3248 No
252 3201 347 3255 doubt,’
361 3201 493 3262 ironically.

166 3268 174 3292 ³
186 3259 223 3308 ‘It
233 3259 254 3306 is
265 3274 294 3307 ao
305 3259 383 3308 easier
393 3267 480 3311 matter
488 3261 524 3308 lor
534 3276 582 3321 you
593 3261 654 3316 (that
664 3261 695 3318 is,
707 3262 833 3322 according
843 3270 869 3310 to
879 3277 941 3322 your
951 3271 1041 3324 system

136 3317 164 3366 oi
175 3318 313 3377 procedure)
325 3327 350 3365 to
361 3320 443 3366 confer
453 3319 555 3380 divinity
565 3319 624 3368 than
632 3321 739 3380 empire.¹

163 3396 172 3418 ⁸
186 3391 229 3436 ‘In
240 3390 305 3457 what
314 3391 393 3448 wey:'
403 3391 444 3436 tha
464 3407 535 3440 sense
554 3393 583 3448 is,
599 3394 740 3454 ‘according
755 3402 780 3442 to
795 3391 860 3440 what
871 3395 952 3442 men’s
962 3393 1039 3454 wey3’

136 3446 183 3492 and
194 3456 220 3494 to
230 3449 279 3495 this
292 3448 371 3495 ‘men’
384 3448 426 3495 the
441 3447 505 3510 Quos
516 3451 540 3497 in
551 3450 592 3498 the
604 3461 662 3500 next
673 3463 787 3502 sentence
798 3451 880 3502 refers.
