2294 3842
131 185 190 240 27⁰
398 196 438 239 οι
461 195 568 256 ousrrs
589 195 773 238 acumem.

130 323 200 362 mus.
237 305 338 362 Deinde
398 321 462 360 ucos
487 323 522 376 qu
558 323 592 359 ue
618 305 786 360 incommode
803 313 913 374 regunt:
933 321 1043 376 congre·

129 386 193 446 gete
204 391 266 428 vero
278 383 315 428 tot
327 375 470 446 m'iaipsa
482 392 511 428 se
529 375 637 445 eidunt,
650 375 696 427 ubi
716 391 768 428 uec
787 383 864 442 stare,
877 391 929 428 uec
949 374 977 428 fu
998 392 1042 430 are

131 446 260 516 potuerint
283 444 414 498 inhabiles
435 454 569 498 vastorum
595 461 733 513 corporum
759 444 861 497 moles.¹
905 443 975 514 Equ‘
997 462 1042 502 em

130 515 169 568 sic
179 513 305 568 animalia
317 515 368 566 ista
379 515 535 585 contempsi,
548 523 577 567 ut
589 531 652 566 cum
664 514 800 583 haberem,
814 515 872 583 ipse
891 531 944 566 non
962 531 1041 586 oppc

130 584 237 652 suerim,
250 585 315 637 satie
326 600 431 654 guarus,
441 583 502 654 plus
514 585 575 653 suis,
585 600 666 653 quam
678 583 798 636 hostibus
809 582 921 653 periculi
933 582 1041 637 inferre.

130 655 166 706 At
186 653 271 706 enim²
294 653 415 723 equitum
440 652 613 722 peditumque
637 652 778 706 multitudo
798 669 845 705 vos
868 652 1040 706 commovet!

130 721 197 776 Cum
211 723 304 792 paucis
322 722 407 776 enim³
418 738 535 801 pugnare
554 722 621 776 soliti
642 722 713 789 estis,
727 731 753 774 et
774 738 845 774 nunc
864 721 984 790 primum
1005 723 1041 776 iu·

129 792 263 844 conditam
276 791 438 846 sustinebitrs
451 791 562 845 turbam.
599 791 688 844 Testis
699 791 828 844 adversus
838 789 1042 846 multitudinem

130 861 222 914 invicti
234 860 415 915 Macedonum
427 859 526 913 roboris
543 861 672 914 Granicus
692 861 787 930 amnis,
801 870 828 913 et
851 860 947 914 Cilicia
967 863 1042 916 inuu-

129 929 193 984 dats
215 947 307 984 cruore
331 931 477 999 Persarum,
497 938 524 982 et
542 929 639 983 Arbela
667 929 744 1009 cujus
766 929 855 998 campi
872 928 1043 984 devictorum

129 1017 146 1052 a
158 999 235 1054 nobis
246 1000 351 1054 ossibus
368 1000 440 1052 strati
458 1009 527 1052 sunt.
564 999 626 1052 Sero
638 969 754 1052 licetrum
766 998 886 1068 legiones
898 1013 1042 1054 numerere

129 1070 260 1139 coepistis,
281 1077 421 1140 postquam
444 1067 614 1122 solitudinem
637 1069 663 1121 iu
686 1070 751 1122 Asia
771 1067 903 1121 vincendo
928 1067 1041 1122 lecistis.

128 1140 197 1192 Cum
220 1156 267 1208 per
290 1138 490 1207 Hellespontum
514 1139 706 1207 navigaremus,
733 1139 768 1190 de
792 1138 928 1208 paucitate
952 1146 1043 1192 nostra

129 1209 297 1274 cogitandum
322 1207 371 1261 tuit
381 1209 400 1260 :⁴
423 1223 493 1260 nunc
517 1225 564 1260 nos
587 1206 702 1276 Scythae
722 1216 874 1276 sequuntur,
899 1207 1042 1260 Bactriana

128 1278 227 1330 auxilia
239 1286 341 1348 praesto
354 1285 422 1344 sunt,
436 1276 527 1330 Dahae
540 1276 716 1346 Sogdianique
730 1277 796 1330 inter
808 1293 856 1330 nos
868 1276 995 1330 militant.

167 1353 205 1400 10.
217 1349 276 1400 Nec
289 1357 377 1400 tamen
391 1345 428 1398 illi
442 1345 533 1398 turbae
545 1347 656 1400 confido.
692 1347 802 1400 Vestras
819 1363 916 1399 manus
930 1346 1040 1416 intueor,

128 1425 244 1469 vestram
262 1417 384 1469 virtutem
411 1433 503 1481 rerum,
524 1433 591 1485 quas
615 1425 737 1483 gesturus
761 1433 828 1484 eum,
847 1415 948 1468 vadem
965 1431 1041 1484 prce·

128 1485 244 1553 demque
256 1483 362 1538 habeo.⁶
396 1484 529 1542 Quamdiu
542 1485 678 1538 vobiscum
695 1485 721 1537 in
739 1485 796 1537 acie
815 1484 898 1554 stabo,
912 1502 963 1539 nec
975 1485 1041 1538 mei⁸

129 1571 179 1606 uec
210 1555 323 1607 hostium
355 1555 486 1608 exercitus
514 1571 639 1608 numero:
671 1571 717 1607 vos
740 1553 817 1606 modo
841 1554 948 1606 animos
973 1553 1040 1608 mihi

129 1623 221 1693 plenos
232 1623 375 1676 alacritatis
386 1639 419 1676 ac
434 1621 547 1676 fiduciae
568 1623 703 1677 adhibete.
739 1624 798 1677 Non
818 1622 845 1676 in
865 1622 958 1676 limine
977 1640 1040 1692 ope-

129 1709 189 1746 rum
205 1691 378 1761 laborumque
397 1701 549 1762 nostrorum,
569 1693 616 1746 sed
634 1694 661 1746 in
679 1693 751 1746 exitu
773 1702 892 1746 stamus:
919 1693 1040 1762 perveni-

129 1779 190 1816 mus
208 1761 241 1814 ad
261 1762 323 1815 solis
341 1771 427 1814 ortum
446 1771 473 1814 et
490 1763 634 1832 Oceanum,
654 1763 704 1816 nisi
721 1761 809 1816 obstat
829 1763 949 1830 ignavia:
977 1761 1040 1816 iude

129 1832 249 1901 victores,
268 1831 414 1901 perdomito
438 1832 491 1884 fine
516 1842 650 1898 terrarum,
670 1840 832 1884 revertemur
860 1831 886 1884 iu
917 1833 1039 1901 petriam.

129 1901 228 1972 Nolite,
252 1901 323 1971 quod
347 1901 412 1971 pigri
441 1900 571 1970 agricolae
595 1902 703 1968 faciunt,
728 1909 845 1954 maturos
868 1900 970 1954 fructus
993 1918 1041 1971 per

129 1970 251 2024 inertiam
270 1971 392 2024 emittere
411 1988 426 2022 e
444 1970 576 2024 manibus.
613 1971 716 2040 Majora
737 1979 796 2023 sunt
816 1969 942 2039 periculis
965 1988 1040 2040 prae·

129 2040 198 2092 mia:
218 2041 293 2094 dives
311 2040 417 2092 eatlem⁷
428 2048 455 2092 et
468 2039 582 2094 imbellis
594 2049 634 2092 est
648 2041 727 2109 regio.
764 2041 856 2108 Itaque
869 2057 922 2094 nort
933 2047 989 2094 tam
1002 2040 1037 2093 ad

127 2109 240 2178 gloriam
251 2127 299 2163 vos
315 2109 391 2178 duco,
404 2127 484 2178 quam
503 2109 537 2162 ad
556 2109 691 2178 praedam.
727 2109 805 2178 Digni
818 2109 890 2178 estis,
904 2109 952 2178 qui
964 2127 1038 2178 opes,

128 2193 195 2246 quas
215 2178 278 2231 illud
299 2196 371 2232 mare
392 2178 510 2231 litoribus
527 2174 635 2247 invehit,
650 2179 770 2231 referatis
782 2179 810 2230 in
822 2179 943 2248 patriam,
957 2179 1039 2248 digni,

128 2248 174 2315 qui
192 2248 256 2300 nihil
276 2249 450 2318 inexpertum,
464 2247 529 2302 nihil
549 2258 622 2302 metu
642 2249 771 2302 omissum
788 2247 953 2316 relinquatis.
989 2249 1041 2304 Per

129 2331 175 2368 vos
186 2316 359 2386 gloriamque⁸
371 2327 494 2387 vestram,
508 2335 561 2386 qua
579 2317 726 2371 humanum
743 2316 878 2384 fastigium
898 2317 1039 2388 exceditis,

128 2436 212 2543 qiuary
232 2437 335 2546 liiii?
356 2436 414 2485 thun
431 2438 555 2486 declinari.
593 2438 640 2486 See
661 2437 742 2486 Grem.
763 2438 777 2490 t
794 2439 846 2494 13⁹,
869 2449 927 2486 note
949 2442 971 2495 1,
992 2438 1040 2488 aud

146 2511 190 2544 ‘um
210 2504 226 2550 t¹
311 2532 316 2543 .

128 2510 229 2664 dithlre
245 2554 324 2603 future
340 2553 429 2616 perfect
443 2557 564 2618 potuerint
582 2555 694 2616 properly
704 2555 812 2616 requires
830 2555 933 2604 another
947 2555 1037 2614 hrture,

175 2623 222 2662 ent.

158 2675 620 2734 ἸΑεῑοοοοοίοη,οοοΖιιῐοοῑ,ΰ349.

157 2733 249 2784 ’‘You
261 2734 322 2782 have
334 2750 365 2782 no
381 2734 456 2783 doubt
473 2736 535 2783 been
553 2733 707 2783 accustomed
724 2743 749 2782 to
765 2732 826 2794 light
844 2733 905 2782 with
921 2733 970 2782 few
978 2733 995 2792 ς’
1007 2749 1040 2786 an

128 2791 226 2842 irorricul
237 2804 360 2852 sentence,
373 2794 409 2843 sor
420 2794 461 2842 the
472 2795 581 2854 opposite
593 2795 613 2842 is
625 2803 713 2842 meunt.

156 2857 165 2881 ⁴
176 2853 239 2901 ‘We
249 2854 325 2914 ought
336 2863 362 2902 to
372 2854 433 2902 have
444 2853 547 2913 thought
558 2869 622 2912 upon
633 2869 676 2900 our
687 2851 758 2902 small
769 2852 901 2901 numbers!

157 2918 165 2941 ¹
174 2916 181 2936 ⁴
190 2910 201 2958 1
213 2911 274 2960 have
284 2928 344 2972 your
354 2913 437 2960 valour
448 2929 474 2960 as
484 2928 524 2972 my
534 2923 616 2972 surety
624 2912 640 2959 ι’
654 2915 734 2960 eadem
761 2913 896 2971 taedereque
903 2912 924 2960 is
934 2912 1036 2962 arbete-

127 2968 327 3036 rieuipleonasm.
356 2972 402 3020 See
415 2971 596 3030 Zumpntttc,
609 2973 692 3032 odfin.
746 2970 1037 3020 osisabailincrimiuel

127 3027 203 3082 trtels,
214 3045 283 3089 praes
294 3047 308 3078 ο
318 3041 401 3090 surety
413 3029 437 3077 in
448 3030 503 3078 civil
514 3045 590 3078 cases.

154 3086 227 3135 “The
239 3089 343 3154 genitive
355 3089 382 3136 of
395 3107 435 3150 ego
445 3089 466 3137 is
477 3087 536 3136 used
547 3088 641 3136 instead
657 3089 685 3137 os
697 3087 738 3136 the
757 3087 876 3148 adjective
892 3103 967 3145 meus,
981 3089 1037 3160 only

126 3146 230 3194 because
240 3155 259 3193 rt
270 3161 291 3194 re
302 3147 409 3205 opposed
419 3158 442 3194 to
452 3149 560 3203 hostium,
573 3147 619 3195 and
630 3148 648 3195 it
664 3147 684 3196 is
700 3147 761 3196 tarel
789 3147 918 3208 employed
934 3163 999 3197 even
1012 3163 1037 3197 m

124 3205 288 3312 ‘'uillffgyicee'
298 3203 334 3285 fer
345 3223 404 3254 meos
417 3206 497 3254 would
508 3205 569 3256 have
582 3208 643 3255 been
654 3207 695 3254 the
707 3163 802 3268 regular
811 3205 873 3255 sorm
885 3205 952 3256 here.

153 3327 161 3350 ¹
172 3321 234 3369 This
244 3298 296 3382 que,
309 3321 401 3382 though
412 3321 485 3371 found
496 3323 519 3371 in
532 3324 564 3373 all
576 3324 616 3372 the
629 3324 797 3383 manuscripts,
810 3323 899 3374 should
908 3327 941 3374 be
952 3325 1037 3375 struck

124 3388 174 3426 out.
207 3380 261 3428 The
277 3380 382 3438 position
396 3380 425 3427 of
436 3380 477 3428 the
489 3382 569 3432 words
585 3384 629 3434 has
646 3385 684 3432 led
695 3399 762 3432 some
773 3383 841 3491 early
851 3387 1001 3434 transcriber
1011 3393 1037 3434 to

124 3433 218 3484 believe
230 3437 282 3486 thet
294 3438 335 3487 the
346 3438 417 3487 cusis
433 3441 555 3500 governed
566 3444 657 3504 hyper,
671 3458 698 3504 ns
709 3441 765 3492 well
776 3457 802 3490 ae
813 3452 823 3490 t
841 3447 976 3507 eglesiam,
989 3445 1037 3494 aud
