2278 3846
153 175 209 232 10⁰
416 188 455 228 aa
479 187 586 227 catria
608 185 790 226 anaxanoar.

150 297 328 351 Macedonum
339 311 420 364 regno
428 295 529 364 dignior
539 291 655 346 Philotas
666 310 711 346 me
720 309 825 361 quoque
836 293 893 360 ipso
902 293 1058 346 videretur!

151 367 227 420 lllum
246 366 300 435 jam
321 364 455 416 defecerat
468 379 527 416 vox.
564 363 656 430 ltaque
675 363 747 414 edito
764 363 875 428 gemitu,
896 362 1028 431 vultuque
1044 379 1060 414 a

150 445 294 503 conspectu
307 436 487 500 regiensem,
501 431 611 484 subinde
624 431 755 501 collapsus
766 431 938 498 extinguitur.

186 509 227 556 28.
246 505 310 571 Rex,
326 503 425 555 Philota
437 502 526 554 venire
544 501 571 552 in
590 503 687 570 regiam
707 501 787 570 jusso,
802 499 952 567 Cebalinus,
967 500 1059 570 inquit,

151 573 273 626 ultimum
292 571 451 640 supplicium
465 573 582 636 meritus,
596 572 618 623 si
638 572 663 623 in
681 579 759 638 caput
779 587 870 621 meum
889 579 1061 638 praeparatas

151 643 258 696 insidias
276 642 355 694 biduo
373 642 445 708 texit,
460 639 537 708 hujus
550 641 669 692 criminis
686 639 806 692 Philotan
827 656 902 690 reum
918 640 1058 707 substituit,

150 713 277 780 adquem
316 711 421 764 rotinus¹
433 711 559 762 indicium
572 709 700 761 detulisse
719 725 748 760 se
765 709 889 759 affirmat.
927 708 986 765 Quo
1007 725 1058 778 pro

151 783 222 851 piore
240 799 257 848 g
306 797 322 834 u
341 781 474 833 amicitiae
486 796 530 832 me
542 779 678 846 contingis,
692 777 742 830 hoc
760 777 846 846 majus
858 788 897 828 est
911 778 1058 831 dissimula·

151 852 229 904 tionis
240 861 301 903 tuae
314 850 422 918 lacinus,
436 858 462 901 et
481 865 530 915 ego
548 848 673 900 Cebalino
691 849 778 914 magis
790 863 871 915 quam
892 847 1017 900 Philotae
1037 849 1059 900 id

151 920 292 974 convenire
305 919 394 971 latecr.
432 918 579 980 Faventem
592 917 676 972 habes
685 916 811 986 judicem,
826 918 856 982 si,
871 915 944 984 quod
955 917 1061 969 admitti

152 1007 202 1043 nou
215 990 345 1058 oportuit,²
355 988 449 1041 saltem
463 990 552 1055 negari
570 995 664 1055 potest.
700 985 741 1038 Ad
761 985 828 1037 haec
849 985 970 1037 Philotas
993 987 1062 1038 haud

152 1075 216 1112 sane
235 1059 360 1128 trepidus,
374 1058 395 1109 si
408 1060 514 1110 animus
525 1057 600 1109 vultu
618 1055 822 1122 aestimaretur,⁸
832 1054 994 1108 Cebalinum
1008 1056 1062 1125 qui-

152 1131 214 1182 dem
236 1129 313 1180 scorti
332 1144 481 1180 sermonem
501 1125 535 1178 ad
556 1143 585 1178 se
603 1125 738 1193 detulisse,
755 1125 802 1176 sed
823 1125 909 1194 ipsum
933 1135 989 1177 tam
1013 1126 1063 1177 levi

152 1199 252 1252 auctori
269 1197 333 1250 nihil
351 1197 504 1264 credidisse,
518 1194 657 1264 respondit,
672 1195 792 1260 veritum,
805 1210 839 1245 ne
856 1194 974 1262 jurgium
996 1196 1062 1247 inter

152 1277 296 1320 amatorem
320 1274 346 1317 et
369 1266 503 1318 exoletum
527 1281 579 1317 non
602 1265 659 1317 sine
683 1265 736 1316 risu
759 1263 868 1317 aliorum
893 1264 1038 1317 detulisset
1047 1269 1063 1316 :⁴

151 1354 213 1390 cum
237 1336 350 1388 Dimnus
378 1335 539 1387 interemerit
568 1344 662 1402 mmet,
685 1333 879 1404 qualiacunque
902 1345 985 1404 erant,
1013 1351 1063 1388 non

152 1406 234 1457 luisse
247 1403 389 1456 reticenda.
426 1405 637 1474 Complexusque
649 1419 739 1473 regem
751 1419 825 1454 orare
837 1404 932 1472 coepit,
947 1415 975 1456 ut
988 1421 1063 1473 prae·

152 1475 254 1526 teritam
273 1473 355 1524 vitam
375 1473 558 1542 potiusquam
576 1472 689 1542 culpam,
708 1472 804 1526 silentii
821 1479 920 1540 tamen,
933 1490 985 1525 non
1000 1474 1064 1526 laeti

151 1543 239 1609 ullius,
253 1543 404 1594 intueretur.
439 1542 516 1594 Haud
534 1541 614 1594 facile
631 1542 753 1608 dixerim,
766 1541 944 1594 credideritne
963 1543 988 1595 ei
1009 1559 1062 1612 rex,

151 1629 185 1664 an
205 1610 285 1664 altius
306 1611 371 1664 iram
395 1611 583 1681 suppresserit:
608 1611 728 1666 dextram
753 1611 937 1664 reconciliatae
961 1615 1062 1680 gratiae

153 1681 247 1750 pignus
256 1679 358 1748 obtulit,
372 1688 399 1733 et
411 1689 593 1750 contemptum
604 1680 698 1751 magis,
708 1697 789 1750 quam
800 1680 917 1734 celatum
931 1681 1062 1736 indicium

151 1767 222 1817 esse,
235 1749 319 1802 videri
333 1751 382 1802 sibi
394 1750 470 1804 dixit.

187 1824 227 1871 29.
248 1819 385 1872 Advocato
404 1829 459 1872 tum
478 1818 587 1872 consilio
604 1819 758 1887 amicorum,
771 1818 815 1872 oui
834 1825 925 1874 minen
944 1820 1063 1874 Philotas

151 1887 289 1944 adbibitus
307 1905 358 1942 non
370 1897 419 1958 est,
432 1887 627 1942 Nicomachum
645 1888 774 1942 introduci
790 1887 874 1958 jubet.
911 1890 938 1942 ls
956 1892 1061 1959 eadem,

151 1973 220 2028 quae
241 1957 372 2012 detulerat
392 1959 426 2012 ad
447 1976 544 2027 regem,
565 1959 667 2010 ordine⁸
686 1975 720 2012 ex
755 1959 815 2010 suit.
851 1957 914 2012 Erat
939 1961 1062 2013 Craterus

153 2029 207 2096 regi
226 2043 302 2082 carus
322 2029 348 2080 in
369 2029 469 2098 paucis⁷
483 2035 510 2080 et
530 2044 561 2079 eo
581 2027 727 2080 Philotaeo
757 2027 965 2082 aemulationem
979 2030 1061 2099 digni·
1126 2071 1127 2080 ,

154 2097 216 2150 tatis
238 2097 368 2150 adversus
374 2111 382 2166 ;
406 2115 493 2167 neque
516 2097 657 2165 ignorabat,
676 2097 767 2167 saepe⁸
784 2096 929 2151 Alexandri
954 2101 1062 2153 auribus

151 2167 236 2220 nimia
255 2166 395 2235 jactatione
412 2166 516 2220 virtutis
534 2174 614 2234 atque
632 2183 728 2235 operae
747 2183 856 2234 gravem
874 2167 966 2237 luisse,
985 2181 1012 2222 et
1028 2170 1072 2223 ob·
1126 2209 1127 2232 3

152 2252 185 2286 ea
197 2251 248 2286 non
260 2236 369 2301 quidem
382 2235 496 2303 sceleris,
510 2235 556 2288 sed
569 2236 753 2289 contumaciae
766 2245 854 2288 tamen
874 2255 936 2288 esse
956 2255 1061 2308 suspec-

152 2312 218 2356 tum.
261 2305 321 2356 Non
344 2305 425 2356 aliam
448 2304 597 2373 premendi⁷
620 2305 720 2358 inirhlci
742 2306 909 2367 occasionem
933 2311 1059 2376 aptiorem

152 2372 267 2425 futuram
281 2381 360 2434 ratus,
372 2373 432 2424 odio
450 2389 497 2425 suo
515 2374 621 2443 pietatis
639 2373 791 2442 praeferens
803 2374 929 2444 speciem,
944 2377 1059 2446 Utinam,

180 2489 740 2597 iiilibiiiwdtalied‘iiiiithboemctireriirii'tied'-that
756 2550 785 2607 is,
798 2551 839 2598 the
850 2553 933 2601 crime.
968 2554 1009 2604 No
1020 2571 1059 2603 ex·

153 2607 757 2716 ‘lttllllll'lllttullettlltttzltd·
792 2668 865 2718 nas
936 2673 975 2722 a
1010 2673 1061 2722 ur

153 2726 214 2776 from
226 2683 263 2774 bins
274 2682 455 2795 counientinoe!
488 2727 534 2797 See
571 2727 717 2784 rumiliac,
729 2684 823 2775 mihil
867 2686 958 2732 een’ju
978 2689 1009 2734 ge
1034 2690 1048 2722 ⁰

183 2792 192 2816 ⁴
202 2786 267 2834 That
279 2803 308 2842 rs,
321 2804 351 2834 ae
360 2788 473 2834 detulisse
483 2789 608 2834 vederetur,

184 2845 347 2905 *Equivalent
359 2855 383 2894 to
394 2863 420 2894 ae
430 2847 518 2894 ordine.
550 2844 596 2892 See
609 2845 669 2892 Zum
687 2853 705 2899 t.
719 2845 796 2904 tm,
808 2849 840 2894 ad
848 2849 895 2909 fin.

182 2905 295 2965 ⁴Suppty
307 2923 357 2953 eam
372 2915 414 2952 out
425 2904 452 2952 os
466 2903 507 2951 the
524 2903 651 2964 preceding
685 2907 777 2953 hilotoe.
809 2906 836 2953 In
855 2908 916 2956 such
932 2911 1061 2958 omissione

154 2962 182 3009 ol
197 2964 238 3030 the
254 2965 390 3012 accusative
401 2962 460 3012 with
472 2963 513 3010 the
529 2961 655 3018 infinitiva,
670 2963 769 3032 Curtius
785 2965 855 3012 takes
867 2966 929 3015 little
943 2969 1058 3026 liberties,

154 3019 243 3075 which,
256 3022 377 3078 however,
390 3038 453 3072 were
462 3021 563 3089 perhaps
574 3021 676 3069 allowed
687 3037 710 3069 m
722 3023 762 3070 the
775 3023 849 3084 living
859 3025 897 3073 lan
918 3043 986 3088 trage.

157 3139 162 3148 Ι
184 3083 191 3106 ’
204 3081 258 3127 ‘To
269 3081 340 3148 crush
349 3084 365 3150 ξ’
377 3083 460 3141 nearly
471 3080 608 3188 egutvalent
619 3079 675 3128 here
686 3091 712 3128 to
722 3085 873 3144 opprimendi.
898 3043 954 3134 illie
966 3086 1059 3136 follow·

155 3139 469 3246 '¹²⁸⁸t203llltt‘lll
483 3141 1059 3253 ‚llllhl‘tlltt‘tllt’ltt⁰fhullt*

155 3199 270 3304 iiiitditubt
280 3255 332 3302 that
343 3273 430 3325 among
441 3258 482 3305 the
493 3257 602 3317 generals
613 3258 641 3326 os
654 3258 757 3318 Philip's
768 3218 851 3308 achei}
862 3219 1061 3312 Aiixandeirleiuisl

155 3329 227 3421 mtltluy
242 3324 319 3422 εῗοὲεῑ
328 3328 450 3420 dogm?
468 3316 584 3422 andhthgt
602 3316 640 3422 ¹:1⁸
655 3319 935 3390 extraordinurylgeniuus
951 3339 1002 3391 was
1018 3332 1060 3392 not

153 3389 279 3480 tittlt
297 3389 358 3479 “la
369 3378 1060 3497 attallyltlrstttl⁰nslhtlltlltllud
