2278 3846
457 209 550 252 runa
567 211 609 254 rr.
930 196 987 255 1⁴⁷

75 317 154 372 cidit.
189 319 273 376 Hunc
289 335 338 372 roe
356 335 466 386 regnare
488 320 642 388 patiemini.
667 337 749 388 quem
768 319 894 391 equidem
913 323 987 376 cruci

74 387 192 442 affixum
204 389 298 445 videre
312 388 415 457 festino,
427 389 549 444 omnibus
562 390 667 456 regibus
677 391 852 460 gentibusque
870 401 898 443 et
916 391 985 462 fidei,

76 473 163 528 quam
186 459 302 527 violavit,
325 459 434 510 meritas
456 475 555 527 poenas
578 459 734 512 solventem.
769 463 805 514 At
828 459 943 528 hercule,
963 463 987 515 si

76 543 144 583 mox
164 529 282 582 eundem
304 529 465 581 Graecorum
487 528 566 582 nrbes
587 537 633 580 aut
656 529 866 596 Hellespontum¹
884 542 987 584 vastare

76 596 231 650 nuntiatum
243 599 293 650 erit
305 597 387 664 vobis,
399 615 452 665 quo
463 597 552 650 dolore
563 597 726 665 afficiemiui,
744 597 855 650 Bessum
869 601 989 666 praemia

76 677 185 720 vmtrae
197 667 369 736 occupavisse
381 667 524 720 victoriaci
559 667 635 718 Tunc
646 668 680 718 ad
694 668 851 734 repetendas
861 685 904 720 res
915 668 988 722 festi·

77 737 186 804 nabitis,
207 745 270 788 tuno
287 752 362 788 arma
379 737 497 805 capietis.
533 736 647 794 Quanto·
664 745 756 788 autem
774 745 898 805 praestat,
915 739 988 792 terri·

79 814 137 858 tum
154 805 243 858 adhuc
254 815 281 859 et
294 805 339 858 vix
353 806 450 858 mentis
466 821 531 857 suae
548 815 699 874 compotem
715 806 884 874 opprimeret
918 806 989 864 Qua-

80 875 161 928 tridui
182 874 260 927 nobis
277 874 327 926 iter
346 884 474 944 superest,
493 874 539 942 qui
559 883 596 926 tot
615 875 828 943 proculcavimus
847 876 930 942 nives,
951 885 988 928 tot

79 959 178 996 amnes
206 943 397 1012 superavimus,
427 953 464 996 tot
493 944 622 996 montium
654 943 717 1012 juga
746 945 987 998 transcucurrimus.

80 1015 140 1066 Non
171 1031 245 1065 mars
270 1012 343 1081 illud,
368 1013 438 1081 quod
467 1023 626 1066 exaestuans
649 1015 699 1066 iter
721 1013 846 1066 fluctibus
867 1024 987 1082 occupat,

80 1091 177 1136 euntes
189 1099 237 1134 nos
247 1083 382 1149 moratur,³
393 1099 444 1136 uon
462 1083 572 1136 Ciliciae
590 1083 683 1138 fauces
701 1092 729 1135 et
747 1083 885 1151 angustiae
903 1083 988 1136 iuclu-

81 1150 164 1204 dunt:
184 1152 262 1220 plana
273 1152 362 1204 omnia
374 1160 401 1204 et
418 1168 500 1221 prona
518 1160 587 1204 suut.
622 1153 652 1206 In
674 1152 731 1230 ipso
751 1152 843 1205 limine
862 1153 988 1206 victoriae

81 1229 194 1274 samus.
236 1222 317 1274 Pauci
342 1219 419 1274 nobis
443 1221 547 1288 fugitivi
570 1230 597 1275 et
620 1222 721 1274 domini
743 1222 783 1274 sui
807 1222 990 1275 interfectores

81 1298 232 1360 supersunt.
262 1290 408 1358 Egregium
419 1289 571 1344 mehercule
583 1308 657 1360 opus,
666 1299 694 1342 et
706 1291 773 1344 inter
783 1293 879 1358 prima⁴
888 1291 989 1359 gloriae

83 1371 187 1412 vestrae
211 1360 412 1426 numerandum,
437 1361 581 1427 posteritati
605 1361 747 1428 famaeque
774 1360 889 1426 tradetis,
909 1361 988 1414 Darei

82 1445 188 1498 quoque
202 1429 289 1497 hostis,
303 1428 376 1480 finito
396 1438 453 1496 post
473 1439 586 1482 mortem
605 1429 676 1481 illius
694 1431 761 1496 odio,
775 1429 918 1498 parricidas
929 1448 989 1484 esse

82 1515 128 1550 ros
148 1498 226 1567 ultos,
240 1499 373 1552 neminem
394 1497 504 1566 impium
527 1499 653 1566 effugisse
674 1510 775 1552 vestras
794 1516 897 1552 manns.
933 1500 989 1552 Hoc

82 1575 238 1636 perpetrato,
251 1576 349 1636 quanto
367 1567 476 1620 creditis
494 1567 589 1620 Persas
607 1568 825 1636 obsequentiores
843 1569 907 1636 fore,
926 1586 988 1622 cum

82 1637 260 1690 intellexerint
277 1653 324 1688 vos
340 1636 385 1704 pia
408 1636 478 1690 bella
499 1637 641 1706 suscipere,
660 1648 688 1688 et
711 1637 786 1690 Bessi
809 1637 912 1707 sceleri,
936 1655 987 1692 non

82 1705 182 1760 nomini
195 1722 251 1774 suo,
264 1705 360 1758 irascil

119 1780 157 1828 10.
178 1775 288 1828 Summa
302 1774 417 1828 militum
437 1774 581 1842 alacritate,
593 1774 752 1844 jubentium,
764 1792 922 1844 quocunque
934 1777 988 1830 rel·

81 1844 125 1914 let,
138 1845 247 1912 ducere,
259 1845 341 1896 oratio
353 1852 465 1914 excepta
476 1854 526 1898 cst.
561 1846 620 1898 Nec
639 1860 684 1896 rex
705 1854 821 1898 moratus
839 1845 986 1913 impetum:

78 1914 213 1982 tertioque
232 1931 278 1982 per
297 1912 454 1967 Parthienen
474 1914 518 1966 die
538 1913 572 1966 ad
592 1915 660 1966 fines
679 1913 839 1981 Hyrmuiae⁶
858 1924 985 1984 penetrat,

81 1984 188 2037 Cratero
201 1983 291 2035 relicto
306 2000 369 2036 cnm
387 1982 421 2034 iis
437 1984 527 2051 copiis,
539 1983 637 2052 quibus
655 1991 784 2052 praeerat,
798 1991 824 2034 et
844 1999 877 2036 ea
896 2001 986 2052 mauu,

81 2069 160 2120 qnam
180 2056 312 2121 Amyntas
329 2052 450 2119 ducebat,
463 2051 562 2106 additis
580 2052 715 2104 sexcentis
734 2050 868 2120 equitibus
883 2062 911 2106 et
930 2053 987 2104 toti·

80 2123 144 2174 dern
156 2121 306 2190 sagittariis,
319 2132 347 2174 ut
358 2121 392 2172 ab
403 2120 553 2175 incursione
565 2121 734 2174 barbarorum
753 2119 912 2176 Parthienen
932 2131 988 2174 tue-

81 2202 160 2244 retur.
183 2191 321 2260 Erigyium
330 2190 529 2258 impedimenta,
536 2192 641 2244 morlico
650 2191 779 2258 praesidio
787 2192 856 2258 dato,
866 2208 986 2260 campes-

81 2261 111 2312 tri
125 2261 222 2314 itiners
234 2260 331 2314 ducere
351 2259 433 2328 iubet.
469 2261 530 2328 lpse
549 2277 611 2314 cum
633 2260 763 2328 phalange
774 2269 801 2312 et
814 2260 931 2329 equitatu
944 2261 986 2314 CL

80 2329 166 2382 stadia
178 2346 311 2398 emensus,
324 2337 410 2382 castra
422 2329 446 2381 in
460 2329 536 2397 valle,
546 2347 599 2398 qua
611 2328 773 2398 Hyrcaniam
785 2329 904 2398 adeunt,⁸
914 2347 986 2383 com·

79 2400 174 2452 munit.
210 2399 315 2452 Nemus
327 2399 450 2467 praealtis
460 2397 603 2468 densisque
615 2399 752 2452 arboribus
763 2399 916 2453 umbrosum
936 2410 984 2468 est,

36 2496 43 2508 κ
80 2472 180 2538 pingue
193 2466 270 2520 vallis
287 2468 371 2520 solum
393 2468 536 2535 rigantibus
556 2469 639 2537 aquis,
656 2485 725 2538 quac
745 2486 781 2522 ex
799 2469 881 2538 petris
900 2470 986 2522 immi·

79 2539 206 2590 nentibus
228 2547 344 2589 manant.
388 2537 428 2590 Ex
456 2538 521 2606 ipsis
550 2539 682 2591 radicibus
711 2540 840 2591 montium
871 2538 987 2592 Ziobetis

80 2608 167 2660 amnis
188 2605 340 2673 effunditur,
361 2606 406 2675 qui
427 2607 475 2658 tria
495 2607 549 2660 fere
568 2607 653 2659 stadia
672 2607 698 2659 in
719 2606 911 2675 longitudinem
931 2607 986 2660 uni·

79 2694 172 2729 versus
193 2675 260 2744 fluit,
282 2675 378 2728 deinde
399 2693 469 2742 saro,
488 2675 557 2744 quod
577 2676 708 2730 alveolum
731 2676 886 2745 interpellat,
901 2692 986 2743 reper-

108 2829 115 2850 ¹
126 2819 247 2878 Properly
257 2818 351 2924 applied
362 2828 386 2866 to
398 2818 438 2866 the
449 2819 525 2888 struit,
538 2820 581 2866 but
592 2818 658 2876 herc,
671 2835 698 2866 as
709 2817 853 2876 frequently,
866 2817 885 2863 it
895 2817 916 2864 is
927 2817 987 2866 used

81 2897 106 2928 as
116 2881 157 2927 the
170 2895 241 2926 name
253 2893 267 2925 ο
292 2878 332 2924 the
344 2888 422 2924 coasts
433 2877 561 2937 adyoinrng.

107 2951 116 2974 ²
128 2945 164 2992 Or
174 2952 297 3003 qnantum.
329 2942 375 2988 See
388 2942 484 3000 Zumpt,
497 2943 510 2992 i
521 2945 574 2997 488,
587 2953 643 2989 note
654 2945 676 2988 2.

108 3009 166 3056 'He
177 3007 253 3054 refers
264 3016 289 3052 to
300 3007 340 3052 the
351 3006 483 3054 successful
492 3007 574 3054 march
585 3006 656 3065 along
666 3004 708 3052 the
719 3013 786 3050 coast
797 3012 822 3050 to
833 3003 985 3064 Pamphylia,

81 3084 106 3116 as
116 3078 142 3116 to
153 3066 234 3114 which
246 3081 286 3112 see
298 3081 321 3112 v.
334 3069 368 3112 12.

108 3137 116 3160 ⁴
128 3129 255 3187 Literally.
271 3134 372 3188 ‘among
382 3129 423 3176 the
434 3127 484 3176 first
496 3139 561 3186 parts
572 3127 600 3175 of
607 3143 667 3186 your
677 3126 768 3186 gloryr’
778 3126 830 3174 that
841 3127 870 3184 is,
886 3132 988 3189 ‘among

73 3206 139 3250 ¹your
149 3199 216 3238 most
228 3188 359 3236 illustrious
369 3187 452 3243 deeds,
464 3202 525 3246 your
535 3197 597 3234 most
609 3186 714 3246 glorious
724 3186 845 3245 exploits.'

110 3274 117 3298 ¹
127 3266 152 3312 A
164 3264 258 3312 district
273 3279 304 3309 on
315 3261 356 3309 the
368 3263 474 3321 Caspisn
483 3275 510 3308 or
520 3261 656 3320 Hyrcanian
668 3260 723 3308 Sea,
754 3261 775 3309 It
787 3277 838 3310 was
849 3271 891 3310 not
907 3261 931 3310 in
947 3261 988 3310 the

83 3320 449 3432 phqeqqptquqqepognqilaenander
458 3319 562 3378 pushing
572 3335 604 3366 on
614 3319 741 3377 eastward,
755 3321 827 3382 being
843 3320 947 3370 situated
963 3331 989 3369 to

109 3451 119 3478 ⁸
132 3444 270 3505 ‘Through
281 3444 360 3492 which
370 3444 415 3492 lies
425 3443 466 3492 the
477 3457 532 3504 way
542 3453 568 3492 to
578 3443 716 3504 Hyrcania!
