2274 3844
148 225 207 281 2⁰0
418 239 455 278 us
479 239 587 278 essars
605 237 789 280 saurauer,

149 358 204 402 tare
223 347 387 418 respondent,
407 349 563 416 equitesque
582 347 689 399 tendere
707 355 781 399 extra
799 345 967 398 munimenta
985 343 1052 397 urhis
1074 399 1076 410 ,
1133 357 1135 414 t

148 419 257 487 jubent:
289 417 451 484 hospitaliter
475 418 571 468 deinde
597 427 723 484 exceptos
748 432 896 482 gravesque
923 414 1007 481 epulis
1028 423 1052 466 et
1134 447 1135 450 =

149 503 240 538 somno
270 486 429 554 intempesta
458 497 533 538 nocte
562 486 645 537 adorti
673 487 867 536 irrterleoernnt.
907 483 1053 534 Alexander
1134 504 1135 532 3

149 556 217 607 haud
241 571 325 623 secus,
348 573 427 623 quam
449 565 578 623 parerat,
601 565 694 620 motus,
717 555 810 605 urbem
830 569 925 604 corona
946 554 1051 604 circum·
1133 555 1135 580 ³

148 623 229 692 dedit,
240 625 415 691 munitiorem,
426 641 505 693 quarn
516 633 543 675 ut
557 626 639 692 primo
653 625 752 690 impetu
765 623 824 689 (rapi
839 631 934 689 luisset.
966 621 1053 688 ltaque

149 693 315 760 Meleagrum
335 703 362 744 et
381 695 533 744 Perdiccam
552 694 578 744 in
600 692 762 744 obsidionem
784 691 877 758 jungit.
897 690 1051 758 Cyropolim,

149 772 258 814 utente
279 763 381 815 dictum
405 765 464 830 est,¹
488 763 648 815 obsidentes.
686 761 815 813 Statuemt
834 769 927 810 autern
948 775 1053 826 parcere

149 832 208 885 urbi
228 831 351 885 conditae
374 849 390 883 a
410 833 484 900 Cyro,
506 832 603 900 quippe
628 847 676 882 non
701 831 782 882 aliurn
806 830 928 895 gentium
953 828 1053 880 illarum

150 903 236 969 magis
246 902 392 954 admiratus
403 911 450 966 est,
464 917 544 969 quarn
563 901 633 952 hunc
651 916 741 965 regem
760 909 786 950 ot
798 898 979 964 Samiramim,
993 914 1054 965 quoe
1134 901 1135 904 ’

150 981 176 1024 et
200 972 382 1040 magnitudine
406 973 486 1021 animi
511 979 538 1020 et
560 970 678 1020 claritate
703 985 790 1019 rerum
813 967 889 1033 louge
911 967 1053 1018 emicuisse

149 1041 283 1092 credebat.
320 1042 443 1092 Ceterum
467 1040 612 1107 pertinacia
635 1037 823 1106 oppidanorum
846 1038 912 1086 iram
936 1035 997 1102 ejus
1014 1053 1053 1086 ao-

150 1110 249 1162 cendit.
285 1110 377 1177 ltaque
396 1117 500 1176 ceptam
518 1109 611 1160 urbem
630 1106 704 1174 diripi
723 1105 799 1172 jussit
816 1115 842 1157 et
854 1105 950 1156 deleri.
988 1106 1053 1158 Turn
1134 1125 1135 1144 r

150 1179 317 1230 Memacenis
327 1178 397 1230 haud
408 1179 501 1246 injuria
511 1177 621 1228 inlestus
633 1176 665 1226 ad
679 1176 848 1241 Meleagrum
859 1183 887 1224 et
900 1175 1053 1226 Perdiccam

151 1249 225 1298 redit.
261 1247 312 1299 Sed
332 1263 381 1298 non
400 1248 451 1297 alia
468 1247 530 1298 urbs
542 1245 633 1297 lortius
645 1244 808 1296 obsidionem
821 1243 896 1294 tulit:
916 1243 1018 1311 quippe
1028 1253 1054 1294 et

150 1316 265 1368 militum
276 1317 463 1384 promptissimi
479 1314 606 1379 cecidere,
621 1325 648 1365 ct
667 1315 722 1381 ipse
742 1329 787 1364 rex
801 1312 835 1364 ad
849 1311 973 1364 ultimum
990 1314 1053 1380 peri-
1134 1363 1135 1380 ἶ

150 1385 240 1436 culum
254 1383 334 1437 venit.
364 1386 487 1452 Namque
500 1384 600 1435 cervix²
612 1384 669 1450 ejus
681 1399 744 1434 saxo
757 1382 793 1432 ita
807 1383 858 1432 icta
870 1390 917 1448 est,
934 1391 962 1432 ut
974 1381 1054 1432 oculis
1134 1381 1135 1384 ’

149 1453 263 1519 ealigine
275 1453 361 1504 offusa
372 1453 553 1520 collaberetur,
567 1469 600 1503 ne
613 1452 708 1502 meritis
721 1451 828 1518 quidem
842 1467 966 1518 compos;
982 1467 1054 1504 exer·

148 1522 219 1573 citus
231 1530 301 1572 certe
315 1521 387 1574 velut
404 1532 493 1589 erepto
512 1539 542 1572 eo
561 1521 698 1586 ingemuit.
735 1519 784 1571 Sed
799 1519 914 1570 invictus
926 1520 1054 1570 adversus
1133 1519 1135 1574 ἶ

149 1607 188 1657 ea,
208 1605 276 1658 quae
296 1600 399 1641 ceteros
416 1599 521 1657 terrent,
541 1591 655 1642 nondum
676 1598 814 1656 percurato
832 1589 951 1656 vulnere,
969 1589 1054 1640 aerius

148 1659 276 1711 obsidioni
290 1659 390 1726 institit,
405 1660 550 1710 naturalem
564 1659 726 1710 celeritatem
740 1658 776 1708 ira
788 1657 948 1708 concitante.
979 1658 1054 1710 Cutti-

148 1727 209 1780 culo
220 1742 283 1795 ergo
296 1727 407 1780 suffossa
419 1729 523 1780 moenia
536 1729 628 1794 ingens
641 1727 775 1778 nudavere
787 1728 911 1795 spatium,
926 1743 974 1794 per
985 1727 1055 1794 quod

150 1798 247 1864 irrupit,
261 1797 395 1865 victorque
407 1798 498 1850 urbem
512 1798 578 1848 dirui
591 1796 674 1864 jussit.

184 1870 225 1916 28.
245 1866 313 1917 Hinc
331 1865 523 1918 Menedemum
542 1883 604 1918 curn
623 1866 659 1916 lll
679 1865 783 1916 nrilibus
796 1864 916 1932 perlitum
928 1872 957 1916 et
970 1865 1055 1916 DCCC

149 1936 283 2002 equitibus
307 1935 458 1988 ad-urbem
482 1934 644 1987 Maracanda
668 1935 748 1986 misit.
785 1934 954 2000 Spitamenes
976 1942 1054 1986 trans

149 2003 211 2070 luga
231 2006 360 2074 praesidio
380 2005 557 2056 Macedonum
584 2005 644 2054 inde
668 2004 779 2071 dejecm,
801 2003 884 2054 muris
904 2002 979 2054 urbis
999 2002 1056 2070 ejus

150 2073 289 2126 incluserat
310 2092 346 2142 se,
368 2074 438 2126 haud
459 2074 595 2142 oppidanis
618 2073 757 2124 consilium
781 2071 941 2122 delectionis
965 2088 1056 2140 appro-

148 2142 281 2196 bantibus.
317 2144 394 2212 Sequi
414 2152 502 2194 tamen
516 2141 679 2206 videbantur,
692 2142 753 2208 quia
769 2139 907 2208 prohibere
920 2157 972 2192 nou
985 2149 1055 2208 pote·

149 2221 214 2264 rant.
251 2213 358 2265 Interim
371 2211 523 2266 Alexander
540 2213 572 2262 ad
587 2211 698 2262 Tanaim
716 2227 824 2260 amnem
843 2209 918 2275 redit,
932 2219 961 2261 et
974 2227 1055 2278 quan-

150 2287 206 2332 tum
219 2281 266 2332 soli
279 2290 470 2349 occupaverant
483 2281 582 2345 castris,
596 2297 671 2331 muro
684 2278 865 2330 circumdedit.
902 2279 948 2331 LX
961 2279 1054 2332 stadio·

149 2363 208 2399 rum
231 2350 303 2400 urbis
324 2366 415 2402 murus
437 2349 502 2400 luit:
529 2349 596 2400 hanc
619 2365 722 2416 qnoque
748 2347 840 2399 urbem
864 2347 1056 2400 Alexandriam

147 2417 275 2484 appellari
298 2417 395 2486 jussit.a
434 2419 505 2485 Opus
530 2427 601 2469 tanta
624 2417 758 2468 celeritate
782 2416 930 2486 perlectum
955 2427 1003 2486 est,
1028 2427 1056 2469 ut

149 2483 253 2536 decimo
272 2485 382 2552 septimo
401 2487 451 2554 die,
471 2503 550 2553 quarn
568 2488 734 2538 munimenta
753 2486 869 2537 excitata
887 2495 971 2554 erant,
986 2495 1055 2538 tecta

149 2569 253 2622 quoque
273 2554 345 2607 urbis
362 2554 567 2607 absolverentur.
605 2556 699 2623 lugens
713 2555 826 2608 militum
839 2564 977 2608 certamen
991 2557 1056 2606 inter

150 2622 220 2691 ipsos
244 2623 336 2694 luerat,
358 2632 385 2676 ut
406 2641 483 2676 suum
507 2623 617 2692 quisque
641 2642 737 2676 munus
757 2625 830 2694 (nam
851 2624 968 2676 divisum
989 2631 1056 2691 erat)

149 2693 250 2760 primus
272 2693 427 2744 ostenderet.
467 2694 570 2744 Incolae
595 2710 677 2744 trevae
701 2693 756 2746 urbi
782 2692 836 2745 dati
860 2695 968 2762 captivi,
991 2710 1056 2762 quos

149 2761 252 2813 reddito
269 2763 352 2831 pretio
367 2762 482 2814 dominis
495 2762 621 2829 liberavit,
635 2777 744 2828 qnorum
758 2763 854 2830 posteri
867 2779 938 2814 nunc
951 2778 1056 2831 quoque

149 2834 212 2950 nonl⁴
223 2833 291 2902 apud
306 2842 416 2884 eostam
430 2831 507 2898 longa
519 2840 606 2882 aetate
620 2842 723 2900 propter
740 2831 895 2902 memoriam
909 2831 1056 2884 Alexandri

150 2917 198 2952 exo
211 2910 328 2954 everunt.

494 2982 635 2990 ...φ-ψ

179 3011 186 3032 ¹
198 3005 219 3051 It
237 3006 280 3053 has
296 3008 357 3054 been
373 3007 451 3055 stated
465 3007 545 3053 before
557 3007 607 3052 that
621 3005 747 3064 Cyropolis
759 3020 809 3051 was
821 3005 944 3074 besieged,
959 3008 1003 3054 bnt
1015 3017 1056 3054 not

150 3062 201 3109 thet
213 3063 281 3130 these
293 3075 342 3112 two
351 3066 410 3112 with
419 3067 482 3112 tlte'rr
493 3066 622 3125 regimento
633 3064 749 3122 belonged
759 3073 784 3110 to
792 3063 833 3111 the
845 3065 973 3124 hesreging
983 3065 1055 3112 soree.

178 3127 186 3150 ¹
200 3121 258 3168 ‘His
269 3123 349 3170 neck!
382 3124 411 3170 In
424 3125 509 3171 Cicero
525 3123 569 3171 und
586 3123 626 3170 the
640 3122 726 3169 earlier
736 3121 808 3170 Latin
819 3123 917 3170 authors
930 3123 979 3170 this
990 3123 1057 3172 word

150 3178 171 3227 is
182 3179 238 3238 only
250 3179 308 3227 used
319 3181 343 3227 in
353 3181 395 3229 the
407 3183 492 3240 plural,
504 3198 566 3229 even
577 3182 612 3228 lor
623 3197 667 3228 one
679 3181 749 3228 neck.

178 3237 322 3296 ‘Certainly
333 3240 358 3285 iu
373 3241 414 3286 the
431 3241 627 3302 neighbourhood
642 3239 670 3287 ol
682 3240 764 3287 where
775 3239 903 3300 Cyropolis
916 3240 964 3288 hed
974 3241 1055 3297 stood,

150 3296 196 3344 aad
205 3296 265 3344 built
273 3296 308 3342 for
317 3296 357 3343 the
366 3313 433 3344 same
443 3315 544 3356 purpose
553 3315 558 3356 ;
572 3299 676 3358 uumely,
687 3309 712 3346 to
721 3313 804 3346 secure
814 3300 854 3346 the
862 3301 954 3358 empire
962 3301 1057 3368 against
1134 3305 1135 3318 ¹

150 3355 190 3401 ibe
202 3353 296 3401 inroads
307 3355 334 3400 ol
347 3355 387 3402 the
403 3359 513 3404 nornadic
529 3360 602 3406 tribes
619 3359 713 3418 beyond
725 3358 766 3406 the
779 3359 898 3406 laxartes.
931 3359 996 3406 This
1007 3368 1056 3418 crty

149 3425 199 3458 was
211 3412 288 3459 called
299 3414 330 3472 by
342 3413 381 3459 tlre
395 3413 490 3462 Greeks
503 3417 661 3465 ‘Alexandria
670 3432 702 3464 on
713 3417 754 3464 the
766 3417 874 3464 Tanais!

177 3474 185 3498 ⁴
196 3471 236 3519 Aa
245 3469 347 3518 unusual
358 3473 506 3528 expression,
518 3473 555 3520 for
566 3475 646 3522 which
656 3492 687 3523 ae
695 3493 760 3525 acac
769 3478 862 3536 quidem
872 3476 893 3523 is
903 3477 978 3524 much
989 3491 1056 3525 more

148 3539 266 3574 common.
299 3529 417 3588 Compare
429 3529 497 3588 ehap.
509 3535 546 3588 23,
559 3535 590 3580 ad
597 3533 645 3594 fia.
