2274 3844
177 207 233 262 102
442 219 481 259 oe
505 220 611 260 cnsrrs
633 219 815 260 stanuum.

173 330 236 400 qnia
253 328 299 382 illa
322 337 428 400 propter
445 327 516 382 banc
540 345 649 382 cauam
676 328 796 382 irascitur
820 328 905 399 nobis,
924 336 956 382 tu
978 328 1087 398 mitiges

172 407 294 466 matrem,
307 398 354 468 qui
366 399 421 452 irae
433 398 493 466 ejus
505 414 552 450 nos
562 397 689 451 obtulisti.

207 473 232 520 6.
251 469 322 520 Dum
343 468 410 520 baec
422 471 555 537 Amyntas
573 467 637 535 agit,
651 467 717 520 forte
737 476 957 537 supervenerunt,
970 468 1019 536 qni
1037 467 1086 520 fra·

172 547 241 590 trem
259 537 319 606 ejus
336 537 507 590 Polemonem
535 538 641 605 dequo
666 547 730 590 ante
754 546 795 590 est
812 537 916 590 dictum
938 537 1086 604 fugientem

172 609 308 660 consecuti
332 608 452 660 vinctum
475 577 648 659 reducebant.
683 607 784 660 Infesta
801 607 889 660 contio
906 606 955 658 vix
976 606 1086 660 inhiberi

172 677 264 755 potuit,
277 678 341 746 quin
354 677 473 746 protinus
485 693 531 728 suo
550 692 623 728 more
642 694 707 730 saxa
724 677 752 728 in
769 693 832 728 enm
848 675 963 745 jaceret.
1000 679 1087 746 Atque

172 745 217 798 rllc
229 763 294 798 sane
314 747 453 815 interritus,
466 745 549 814 Nihil,
564 746 658 815 inquit,
672 763 717 816 pro
736 763 781 798 me
800 746 938 815 deprecor,
953 746 1035 798 modo
1053 763 1086 800 oe

171 815 282 868 fratmm
295 816 462 869 innocentiae
482 815 547 882 luga
565 814 710 884 imputetur
728 832 798 868 mea.
835 815 910 868 Haec
930 816 957 868 si
979 815 1085 868 defendi

172 902 223 938 non
241 894 335 954 potest,
356 901 447 938 meum
466 885 569 936 crimen
587 885 628 936 sit.
665 886 764 938 Horum
782 885 817 938 ob
836 884 864 938 id
883 885 976 954 ipsum
997 885 1087 938 melior

172 963 212 1008 est
230 971 319 1023 cansa,
335 955 405 1024 quod
423 970 479 1022 ego,
498 955 544 1022 qui
562 954 672 1023 profugi,
693 972 739 1007 sus
789 963 832 1008 tus
850 971 919 1008 sum.
959 956 1009 1008 ΑῑΙ
1024 953 1087 1008 baec

172 1023 275 1078 elocuto
288 1025 412 1078 universa
429 1022 517 1076 contio
536 1039 646 1076 assensa
664 1033 720 1077 est:
748 1025 865 1076 acrimae
882 1023 988 1077 deinde
1006 1026 1087 1077 omni-

172 1092 223 1148 bus
235 1111 343 1146 manate
358 1101 508 1163 coepemnt,
521 1092 589 1146 adeo
610 1094 636 1145 in
656 1094 816 1146 contrarium
836 1102 948 1164 repente
968 1095 1086 1148 mutatis.

172 1172 202 1216 ut
220 1163 305 1216 solum
317 1179 363 1232 pro
375 1180 407 1216 eo
419 1172 499 1229 essct,
512 1162 583 1230 qnod
602 1164 719 1218 maxime
738 1162 860 1215 laeserat.
895 1163 1016 1218 Juvenis
1035 1174 1088 1217 erat

172 1233 257 1300 primo
269 1233 365 1286 aetatis
376 1233 441 1286 flore
457 1231 628 1302 pubescens,²
638 1249 719 1304 quem
733 1233 801 1286 inter
820 1233 926 1302 equites
946 1235 1089 1298 tormentis

172 1301 292 1355 Philotae
315 1302 485 1355 conturbatos
507 1301 612 1354 alienus
640 1303 732 1355 terror¹
754 1302 915 1355 abstulerat:
947 1303 1089 1358 desertum

172 1387 235 1424 eum
248 1389 264 1424 a
276 1371 425 1441 comitibus,
436 1380 463 1423 et
475 1370 653 1424 haesitantem
665 1373 733 1424 inter
745 1371 895 1425 revertendi
908 1371 1088 1442 fugiendique

171 1439 309 1494 consilium
322 1441 369 1509 qni
381 1441 465 1493 secuti
478 1449 552 1493 etant
564 1450 769 1510 occupaverunt.
805 1442 832 1494 ls
849 1450 907 1494 tum
919 1443 988 1494 flere
1001 1444 1089 1513 coepit

171 1518 199 1561 et
222 1525 252 1562 os
277 1525 357 1562 sunm
380 1511 577 1578 converberare,
599 1519 718 1563 maestus
737 1527 790 1564 non
809 1528 886 1564 suam
905 1513 1021 1582 vicem,⁴
1041 1513 1089 1566 sed

171 1587 277 1646 propter
306 1579 395 1647 ipsum
424 1579 632 1648 periclitantium
660 1581 779 1634 fratrum.
823 1581 1004 1650 Moveratque
1032 1582 1089 1652 janr

171 1663 199 1698 re
234 1664 262 1700 rn
274 1663 388 1717 quoque,
401 1665 452 1701 non
465 1649 616 1702 contionem
628 1650 714 1719 modo,
728 1650 777 1704 sed
795 1667 864 1703 nnus
883 1659 941 1702 erat
957 1651 1090 1721 implaca-

170 1664 233 1768 ciffi
243 1717 330 1786 frater,
343 1717 389 1786 qni
402 1718 510 1772 terribili
524 1719 598 1772 vultu
610 1720 716 1772 intuens
727 1737 799 1788 eum,
812 1719 890 1788 Turn,
903 1721 949 1788 ait,
962 1721 1088 1792 demens,

170 1784 308 1840 lacrimare
320 1788 459 1858 debueras,
473 1804 536 1841 cum
548 1805 617 1858 equo
630 1789 743 1842 calcaria
757 1789 894 1854 subderes,
907 1789 1025 1844 fratrum
1042 1792 1089 1844 de·

171 1864 253 1908 sertor
269 1865 296 1908 et
311 1857 474 1912 desertorum
491 1875 589 1912 comes.
626 1859 719 1928 Miser,
731 1876 785 1929 quo
803 1868 830 1912 ct
848 1858 920 1911 unde
939 1859 1089 1928 fugiebasl

171 1923 300 1996 Effecisti,
313 1936 342 1980 ut
361 1944 422 1980 reus
433 1927 528 1996 capitis
545 1929 708 1982 accusatoris
718 1940 807 1982 uterer
818 1929 915 1982 verbis.
954 1930 1014 2000 llle,
1028 1947 1089 2000 pec-

170 2010 245 2048 casse
265 2012 302 2062 se,
322 1997 369 2050 sed
388 1997 494 2065 gravius
509 1997 535 2049 iu
551 1996 651 2066 fratres,
670 2015 750 2067 quam
769 1999 796 2051 in
815 2000 1003 2070 semetipsum,
1024 2001 1089 2053 fate·

169 2063 255 2118 hatur.
291 2066 361 2128 Tum
384 2083 447 2119 vero
470 2083 556 2135 neque
580 2067 702 2137 lacrimis,
727 2083 815 2137 neque
837 2068 1087 2138 acclamationibus,

169 2134 267 2256 finibus
300 2136 386 2188 studia
421 2153 469 2189 sna
503 2135 643 2188 multitudo
677 2137 818 2208 profitetur,
849 2143 1089 2206 temperaverunt.⁶

195 2221 229 2256 na
241 2221 292 2256 vox
303 2214 360 2259 erat
377 2206 434 2275 pari
445 2205 543 2260 emissa
561 2221 699 2275 consensu,
713 2216 741 2260 ut
759 2207 907 2261 insontibus
924 2217 953 2261 et
972 2209 1088 2264 fortibus

169 2272 232 2326 viris
244 2283 370 2342 parceret.
406 2275 495 2328 Amici
513 2291 626 2344 quoque,
639 2275 702 2328 data
719 2276 916 2330 misericordiae
935 2280 1086 2349 occasione,

169 2352 336 2411 consurgunt,
368 2344 516 2412 flentesque
546 2361 637 2412 regem
666 2345 848 2415 deprecentur.
895 2346 946 2399 Ille
981 2350 1086 2403 silentio

169 2408 246 2478 facto,
269 2413 303 2464 Et
322 2413 399 2483 ipse,⁸
419 2413 510 2483 inquit,
532 2415 679 2483 Amyntam
700 2433 761 2468 mea
782 2417 915 2469 sententia
934 2417 1086 2488 fratresque

169 2477 228 2557 ejus
244 2480 362 2533 absolvo.
398 2483 451 2534 Vos
468 2493 567 2552 autem,
580 2483 699 2554 juvenes,
712 2485 788 2556 malo⁸
801 2487 926 2539 beneficii
944 2488 1003 2542 mei
1021 2489 1086 2543 obli-

168 2548 241 2616 vrsci,
255 2566 336 2619 qnam
349 2552 458 2620 periculi
469 2553 550 2610 vestri
563 2554 727 2608 meminisse.
763 2556 867 2609 Eadem
885 2556 939 2610 fide
953 2557 1041 2610 redite
1059 2560 1084 2612 in

168 2619 280 2686 gratiam
303 2637 418 2691 mecum,
443 2638 496 2691 qua
518 2623 575 2692 ipse
599 2624 737 2677 vobiscum
762 2634 885 2677 revertor.
929 2626 990 2679 Nisi
1014 2645 1084 2697 qnae

168 2687 258 2742 delata
269 2700 358 2743 essent
376 2692 574 2759 excussissem,⁷
586 2692 664 2745 valde
682 2693 858 2748 dissimulatio
876 2712 938 2748 mea
957 2708 1085 2766 suspecta

168 2774 228 2811 esse
240 2759 377 2830 potuisset.
412 2761 465 2813 Sed
477 2763 560 2814 satius
572 2771 612 2814 est
625 2772 748 2831 purgatos
760 2781 920 2834 esse,quan1
933 2778 1081 2836 suspectos.

167 2827 293 2898 Cogitate,
315 2830 451 2884 neminem
469 2829 571 2884 absolvi
595 2848 680 2902 posse,
701 2834 751 2885 nisi
773 2833 819 2902 qui
841 2833 937 2888 dixerit
960 2852 1081 2890 canum.

98 3002 100 3006 ¹
196 2985 296 3041 ΗΒιιῑ,’
310 2994 335 3033 to
346 2986 448 3034 indicate
461 2987 501 3034 the
513 2995 624 3054 contrary
635 2987 718 3036 result.

194 3044 346 3104 '‘Entering
362 3061 427 3105 upon
441 3045 587 3102 manhocd;¹
602 3045 714 3106 literally,
731 3051 791 3096 ‘one
807 3047 891 3095 whose
907 3049 985 3098 heard
1001 3050 1022 3098 is
1038 3051 1077 3099 be·

165 3103 265 3164 ginning
277 3112 301 3149 to
312 3105 396 3162 grow.'

195 3172 355 3233 'Equivalent
367 3185 392 3222 to
403 3185 479 3225 terror
488 3179 597 3232 oliorum,
614 3177 668 3225 ‘the
680 3186 756 3226 terror
766 3177 809 3226 felt
821 3179 855 3239 by
865 3177 968 3231 others.'

194 3244 351 3314 ‘Regarding
361 3245 410 3294 this
422 3248 569 3305 accusative,
580 3263 621 3296 see
633 3247 731 3309 Zumpt,
745 3249 822 3300 1453.

194 3319 261 3368 ’For
271 3317 313 3364 the
324 3319 524 3367 constructiones
535 3329 641 3384 ternpore,
654 3337 695 3370 see
709 3321 789 3370 Grnm.
801 3321 878 3380 1264,
890 3331 948 3372 note
959 3326 983 3373 2.

192 3402 201 3426 ⁸
213 3390 358 3453 Eqnivalent
370 3400 394 3438 to
406 3394 455 3452 ipae
466 3410 562 3454 qaoque.

192 3471 201 3494 ¹
214 3462 362 3514 ‘Exanrinsd
374 3462 473 3513 into’‘or
485 3465 576 3514 ‘tried'
