2294 3842
130 189 190 246 att
395 206 435 246 na
458 205 564 246 orsnrs
586 205 771 246 anaxasnru.

129 329 163 368 ex
186 312 228 368 his
250 311 382 368 facturum
406 331 466 367 sesa
486 311 626 384 respondit,
647 321 677 366 ut
696 311 802 366 intranti
825 327 937 380 regnum
963 327 1042 366 snum

128 392 323 454 praenotasset,
336 385 385 436 sed
399 393 524 436 armatus.
559 383 619 436 Jam
637 383 782 452 Hydaspen
798 380 952 435 Alexander
964 399 1041 450 supa*

129 469 186 504 rare
215 451 378 521 decreverat,
408 471 470 506 cum
500 453 667 520 Barzaentes,
697 451 857 504 defectionis
886 450 1041 504 Arachosiis

127 523 236 590 auctor,¹
259 523 369 591 vinctus,
394 523 551 591 trigintaque
574 521 709 590 elephanti
733 520 812 573 simul
842 520 914 589 capti
946 520 1041 588 perdu-

128 603 229 661 cuntur,
242 601 417 661 opportunum
429 591 556 644 adversus
574 590 653 642 ludos
669 590 804 660 auxilium,
817 589 918 659 quippe
936 589 1042 658 pluain

128 659 223 730 beluis,
236 677 317 729 quarn
336 662 363 714 in
381 662 497 714 exercitu
513 661 569 729 spei
581 677 613 712 ac
626 660 719 712 virium
733 659 863 712 illiserat.
900 658 1041 711 Sarnaans·

127 745 187 799 que,
202 746 248 782 rex
260 731 372 798 exiguae
426 729 472 782 rtis
489 729 633 808 Indorum,¹
647 729 693 798 qui
709 729 847 782 Barzaenti
865 745 895 780 se
914 727 1042 796 conjunx·

127 807 191 865 erat,
216 800 322 852 rinctus
345 800 378 852 ad
399 809 476 852 uatus
498 807 547 851 eet.
583 799 665 868 lgrtur
688 797 822 867 transfuga
845 806 873 849 et
898 797 990 864 regulo
1013 797 1042 850 in

127 869 283 940 custodiam,
299 868 449 938 elephantis
465 878 555 920 autern
573 867 661 919 Taxili
678 867 788 934 traditis,
805 865 838 918 ad
857 882 969 918 amnem
988 867 1044 936 Hy·

127 935 228 1008 daspen
252 939 379 1008 pervenit,
400 938 427 990 in
446 937 524 1006 cujus
543 937 665 989 ulteriore
689 936 745 1006 ripa
767 937 850 989 Porus
872 935 1041 1006 consederet,

127 1007 250 1059 transitu⁸
269 1006 448 1076 prohibiturus
466 1005 577 1059 hostem.
614 1006 707 1059 LXXX
725 1013 752 1057 et
771 1005 795 1058 V
815 1004 973 1074 elephantos
996 1005 1042 1058 ob·

126 1074 227 1146 jecerat
242 1076 339 1128 eximio
356 1091 492 1146 corporum
505 1075 603 1144 robore,
619 1075 737 1143 ultraque
755 1089 801 1126 eos
817 1089 911 1126 currus
928 1073 1001 1143 CCC,
1014 1083 1044 1128 ot

127 1145 249 1267 pediturn
266 1145 337 1198 XXX
354 1144 410 1198 fere
429 1145 511 1213 milia,
531 1145 557 1197 in
575 1144 635 1214 quis
653 1151 726 1196 erant
738 1142 872 1214 sagittarii,
885 1143 1042 1198 sicutiante

148 1215 229 1268 ictum
248 1224 296 1284 est,
316 1214 478 1283 gravioribus
498 1213 565 1284 telis,
584 1229 666 1282 quarn
683 1221 712 1264 ut
728 1221 790 1282 apte
809 1213 900 1264 excuti
922 1221 1042 1280 possent.

128 1283 219 1354 Ipsum
238 1283 353 1337 vehebat
376 1283 534 1354 elephantus
557 1298 637 1352 super
659 1291 762 1334 ceteras
784 1279 879 1334 beluas
901 1282 1041 1335 eminans:

127 1369 255 1424 armaque
273 1369 336 1406 auro
354 1360 381 1404 et
397 1361 505 1420 argento
521 1351 643 1405 distincta
655 1366 749 1422 corpus
760 1367 834 1405 rarae
846 1350 1044 1418 magnitudinis

127 1421 311 1474 honestabant.
352 1421 402 1475 Par
420 1421 526 1474 animus
549 1421 632 1474 robori
655 1421 775 1490 corporis,
797 1428 825 1472 et
847 1428 948 1490 quanta
973 1421 1042 1474 iuter

128 1492 392 1559 rudespoteratesse
405 1491 542 1560 sapientia.
973 1515 975 1518 ·
1010 1511 1011 1520 ¹

162 1565 203 1612 45.
223 1559 388 1612 Macedonas
404 1577 455 1612 non
473 1567 631 1628 conspectus
649 1557 764 1611 hostiurn
783 1559 869 1610 solum
892 1559 1041 1613 sedetiam

127 1627 254 1698 fluminis,
266 1630 336 1698 quod
354 1629 544 1682 transeundum
557 1637 620 1697 erat,
634 1627 786 1697 magnitudo
799 1597 923 1680 terrebat.
960 1629 1041 1686 Quat·

127 1705 185 1750 tuor
203 1698 232 1750 in
250 1698 417 1752 latitudinem
435 1699 521 1752 stadia
539 1697 677 1765 diffusum,
694 1695 821 1766 profundo
839 1697 925 1766 alveo,
939 1707 967 1749 et
980 1715 1040 1751 nus

127 1780 209 1836 quam
220 1766 290 1820 vada
301 1769 446 1840 aperiente,
459 1768 579 1838 speciem
591 1767 659 1819 vasti
677 1767 759 1819 maris
775 1765 885 1818 lecerat.
922 1768 983 1820 Neo
995 1783 1040 1836 pro

127 1837 211 1906 spatio
232 1853 362 1906 aquarum
382 1837 436 1890 lata
455 1837 633 1906 stagnantium
654 1835 785 1905 impetum
804 1835 946 1888 coercebat
955 1839 975 1906 3⁴
992 1837 1040 1889 sed

127 1907 205 1976 quasi
218 1907 242 1958 in
256 1915 344 1960 artum
361 1907 519 1960 coeuntibus
533 1905 601 1975 ripis,
615 1915 715 1958 torrens
732 1913 759 1956 et
777 1903 858 1956 elisus
876 1903 1042 1959 ferebatur?⁵

126 1976 283 2046 occultaque
302 1993 366 2030 sarra
384 1976 471 2030 inesse
489 1975 664 2028 ostendebant
681 1973 801 2044 pluribus
817 1973 883 2026 locis
898 1975 990 2028 undae
1002 1991 1040 2026 re-

126 2061 279 2116 percussae.
315 2045 466 2098 Terribilior
483 2054 539 2098 erat
558 2045 641 2098 iacies
658 2044 737 2114 ripae,
756 2059 837 2112 quam
855 2044 917 2112 equi
936 2045 1039 2114 virique
1131 2053 1133 2108 t

126 2115 334 2185 compleverant.
370 2114 478 2168 Stabant
490 2115 613 2182 ingentes
625 2123 759 2166 vastorum
777 2129 915 2182 corporum
935 2111 1039 2182 moles⁸
1132 2115 1133 2184 J

126 2191 153 2236 et
171 2185 206 2236 de
224 2183 351 2236 industria
369 2184 483 2236 inritatae
501 2182 629 2237 horrendo
648 2183 767 2235 stridore⁷
784 2198 863 2234 aureo
881 2183 1037 2251 fatigabant.
1132 2185 1133 2232 ἐ

126 2251 195 2305 Hinc
213 2253 308 2322 amnis,
326 2252 390 2305 hinc
408 2253 491 2306 hostis
508 2253 617 2321 capacia
632 2252 740 2321 quidem
753 2250 838 2303 bonae
850 2253 919 2322 spei⁸
932 2261 1038 2320 pectora
1131 2271 1133 2312 g

125 2329 153 2374 et
172 2337 252 2390 saepe
273 2338 302 2373 se
323 2331 431 2390 experta
451 2323 593 2391 improviso
614 2330 702 2374 tamen
727 2337 822 2391 parma
842 2331 1036 2390 percusserant.

125 2389 229 2459 Quippe
247 2388 385 2442 instabiles
403 2399 471 2445 rates
488 2407 539 2442 nec
557 2391 633 2459 dirigi
650 2391 684 2442 ad
704 2389 795 2460 ripam,
811 2407 862 2442 nec
880 2399 937 2443 tuto
956 2391 1037 2460 appli·
1132 2405 1133 2440 3

126 2461 180 2512 cari
198 2475 276 2529 ,mssa
288 2459 441 2512 credebant.
478 2460 560 2512 Erant
573 2461 598 2512 in
612 2460 700 2512 medio
712 2475 791 2512 amne
804 2459 905 2512 insulae
918 2461 1036 2529 crebrae,
1132 2497 1133 2512 .

125 2529 153 2581 in
171 2545 238 2597 quas
255 2536 282 2580 et
300 2527 359 2581 Indi
384 2536 412 2581 et
428 2529 594 2582 Macedones
618 2537 719 2599 nantes,
738 2529 833 2580 levatis
853 2545 934 2598 super
951 2530 1038 2600 capita
1132 2535 1133 2592 ξ

155 2681 162 2704 ¹
174 2675 220 2723 See
231 2675 263 2723 vi.
275 2678 312 2724 24.

153 2733 240 2782 'That
252 2735 281 2791 is,
294 2733 321 2782 el
334 2733 374 2782 the
386 2734 484 2788 Indians
495 2749 526 2782 on
538 2734 587 2783 this
598 2734 650 2782 side
662 2735 703 2782 tha
714 2733 797 2783 Indus.

154 2799 163 2822 ⁸
173 2795 211 2842 As
222 2804 248 2842 to
258 2795 299 2842 the
311 2795 482 2850 construction,
495 2809 537 2842 see
550 2795 630 2842 Grom.
644 2794 717 2846 §29¹7.

154 2857 163 2881 ¹
176 2853 243 2902 ‘And
254 2855 272 2901 it
283 2853 323 2902 did
337 2865 381 2902 not
390 2854 491 2902 restrain
502 2853 543 2902 tha
554 2853 657 2912 rapidity
667 2854 696 2900 ol
707 2853 739 2902 its
754 2867 840 2902 course
856 2854 881 2902 in
896 2857 1035 2914 proportion

125 2922 150 2960 to
160 2912 202 2959 tlre
213 2912 275 2961 wide
284 2923 368 2961 extent
379 2929 437 2961 over
447 2913 526 2960 which
538 2913 569 2960 its
581 2922 668 2960 waters
680 2927 744 2960 were
755 2912 858 2972 spread’

154 2979 162 3003 ¹
175 2977 181 2997 ¹
190 2971 212 3018 It
222 2971 311 3020 rushed
320 2973 393 3033 along
401 2971 518 3032 furiously
527 2971 573 3020 and
582 2970 691 3032 rapidly.'
724 2971 824 3020 Turreno
836 2973 857 3020 is
868 2972 910 3022 the
922 2973 1035 3036 standing

124 3029 190 3078 word
201 3029 237 3076 lor
247 3045 277 3076 an
289 3031 427 3090 impetuous
438 3031 562 3079 mountain
573 3040 672 3078 stream.

150 3095 160 3118 ⁸
173 3087 244 3136 ‘The
255 3088 318 3149 hugo
330 3105 423 3138 messes
434 3089 462 3137 of
474 3089 579 3138 uncouth
591 3089 674 3138 bodies
685 3089 735 3146 (the
746 3089 898 3150 elephanta).’
975 3105 978 3110 ·

152 3147 225 3196 'Our
241 3147 327 3195 author
342 3148 402 3195 calls
418 3148 458 3196 the
475 3149 580 3209 peculiar
595 3148 672 3196 sound
689 3149 769 3196 which
784 3165 815 3196 an
830 3150 944 3256 elephant
961 3152 1032 3200 emito
1103 3161 1107 3172 '

122 3206 227 3267 through
243 3206 275 3253 its
291 3205 364 3254 trunk
379 3209 476 3265 stridor,
493 3213 522 3257 ‘a
533 3207 673 3268 whintling)
707 3207 762 3256 The
777 3209 869 3266 particu
879 3225 906 3257 ar
921 3226 992 3260 name
1004 3211 1031 3258 os

34 3313 38 3324 ,
122 3267 170 3314 this
181 3265 258 3313 sound
269 3264 289 3312 is
299 3267 412 3320 barritus,
422 3267 474 3326 just
486 3283 512 3314 as
522 3269 630 3315 hinnitus
642 3266 767 3322 oshorses,
783 3268 913 3330 ‘neighing
921 3271 938 3326 ;'
955 3271 1030 3332 mogi·

122 3330 161 3370 tar
172 3324 200 3370 of
213 3323 284 3377 bulls,
300 3321 469 3382 ‘bellowing;’
487 3329 579 3373 balatus
591 3325 618 3373 ol
630 3325 714 3385 sheep,
730 3326 875 3388 ‘bleating;'
894 3326 1030 3378 redituros

121 3395 198 3434 asses,
214 3381 328 3440 ‘braying
337 3380 353 3437 ;’
373 3383 508 3441 rogitares
519 3384 589 3439 lions,
605 3383 731 3445 ‘waning'

149 3442 158 3465 ⁸
171 3437 277 3488 ‘Which
288 3449 312 3486 nt
323 3438 393 3486 other
404 3439 475 3488 times
486 3442 556 3488 could
568 3442 645 3501 easily
655 3443 751 3492 cantalu
762 3443 825 3504 good
835 3444 915 3505 hope!

98 3646 148 3656 a*
