2274 3844
477 236 570 276 maan
591 237 631 279 vr.
693 257 697 264 ·
953 225 1007 278 167

88 341 216 412 noluerit,
229 361 283 398 nou
301 343 455 398 mehercule
471 346 676 413 excogitamus
693 346 732 400 illi
750 346 883 418 utrimque
901 347 1007 416 cognita

87 429 174 464 causa
193 422 253 466 tam
269 415 396 468 damnare
414 431 458 467 me
477 415 564 483 liccat,
581 432 662 484 quam
680 416 825 484 absolvere,
839 434 890 470 non
903 419 1007 484 cognita

87 498 154 533 vero
173 481 280 534 liberari
299 483 333 536 ab
352 483 463 536 absente
481 501 531 536 uon
551 501 666 552 possum,
685 486 728 554 qui
744 503 761 536 a
774 496 913 555 praesente
932 488 1006 540 dam·

88 562 254 606 natussum.
292 552 343 606 Sed
361 569 523 621 quamquam
542 553 622 606 vincti
640 554 755 608 hominis
772 573 823 608 non
843 573 1006 624 supervacua

87 620 189 686 solum,
202 621 251 674 sed
271 623 351 674 etiam
363 622 447 674 invisa
459 622 579 674 defensio
591 632 639 690 est,
653 623 700 744 qui
716 623 835 692 judicem
848 641 898 677 non
910 625 1005 678 docere

88 689 205 758 videtur,
216 691 263 744 sed
273 707 395 758 arguere:
409 699 508 757 tamen,
519 701 653 760 utcunque
674 695 726 744 icet
734 711 779 746 me
788 694 896 762 dicere,¹
905 707 1005 748 memet

88 761 148 828 ipse
168 776 222 812 non
240 759 371 828 deseram,
390 777 441 812 nec
459 763 633 829 committam,
653 772 681 814 ut
698 761 840 816 damnatus
851 764 931 816 etiam
945 781 1006 816 mea

88 829 227 880 sententia
236 829 336 882 videar.
367 830 499 898 Equidem
509 829 712 898 cujuscriminis
721 847 782 884 reus
790 833 848 898 sim,
858 849 908 884 nou
919 834 1004 884 video.

89 898 163 950 inter
175 897 326 968 conjuratos
337 915 416 954 nemo
430 916 473 951 me
487 901 603 952 nominat
611 917 619 967 3
637 899 671 952 de
689 917 732 954 me
748 899 930 954 Nicomachus
942 903 1004 954 nihil

89 967 174 1033 dixit,
193 967 338 1022 Cebalinus
355 968 415 1038 plus
428 985 508 1036 quam
521 968 640 1021 audierat
653 970 720 1022 scire
732 987 783 1022 non
795 969 887 1039 potuit.
924 971 1003 1038 Atqui

88 1035 281 1104 conjurationis
291 1046 371 1106 eaput
384 1055 427 1090 me
440 1037 523 1090 fuisse
533 1037 617 1091 credit
628 1038 688 1094 rex!
720 1039 807 1092 Potuit
819 1055 881 1108 ergo
894 1039 1005 1093 Dimnus

89 1122 153 1158 eum
168 1107 320 1174 praeterire,
334 1123 414 1174 quern
428 1107 609 1175 sequebatur?
627 1109 782 1177 praesertim
794 1125 856 1162 cum
869 1111 1004 1178 quaerenti

88 1175 175 1228 socias
188 1175 232 1227 vel
245 1176 311 1228 salso
324 1177 418 1228 fuerim
432 1177 628 1246 nominandus?
658 1194 690 1230 uo
708 1177 812 1230 facilius
829 1178 875 1247 qui
894 1187 1005 1247 tempta-

91 1245 170 1296 batur
193 1254 282 1313 posset
306 1244 417 1314 impelli.
460 1247 519 1298 Non
544 1247 615 1298 enim
639 1195 745 1300 detecto
769 1247 884 1300 facinore
909 1264 1004 1300 nomen

90 1331 186 1366 meum
209 1313 352 1383 preateriit,
375 1324 402 1368 ut
423 1325 511 1384 posset
532 1316 617 1368 videri
641 1317 711 1369 socio
735 1317 901 1386 pepercisse:
927 1317 1004 1370 Nico·

48 1433 57 1443 ,
89 1381 197 1451 macho,
210 1400 292 1504 quem
311 1384 451 1438 taciturum
469 1401 566 1438 arcana
584 1385 618 1438 de
637 1386 780 1456 semetipso
798 1385 931 1454 credebat,
945 1402 1004 1438 con·

89 1451 186 1521 fessus,
200 1469 218 1506 a
229 1453 260 1504 iis
273 1454 421 1524 nominatis,
436 1471 478 1506 ma
491 1455 774 1508 unumsubtrahebat.⁸
808 1455 920 1521 Quaeso,
934 1473 1004 1509 com·

91 1522 234 1588 militones,
248 1525 270 1575 si
283 1522 426 1576 Cebalinus
437 1540 483 1574 me
492 1540 542 1576 non
555 1525 662 1594 adisset,
676 1525 740 1578 nihil
758 1543 803 1578 me
815 1526 849 1577 de
862 1523 1005 1595 conjuratis

90 1592 159 1646 scire
172 1591 307 1660 voluisset,
321 1609 386 1646 nutu
403 1591 483 1646 hodie
501 1593 619 1648 dicerem
637 1611 755 1662 causam,
769 1594 840 1648 nullo
859 1611 902 1646 me
921 1595 1004 1648 nomi-

89 1661 191 1714 nante?
217 1661 331 1714 Dimnus
341 1678 404 1714 sane
417 1671 444 1714 ct
456 1661 558 1716 viveret
567 1663 663 1728 adhuc,
673 1672 700 1716 et
710 1663 782 1716 velut
794 1662 859 1716 mihi
868 1675 1002 1732 parceret:

89 1731 152 1799 quid
174 1731 277 1784 ceteril
301 1729 450 1800 quidese
474 1731 667 1785 confitebuntur
695 1748 740 1787 me
762 1732 886 1786 videlicet
905 1733 1004 1786 subtra-

89 1799 186 1854 hent!⁴
232 1799 354 1868 Maligna
376 1809 417 1852 est
440 1801 586 1869 calamitas,
611 1811 637 1854 ct
661 1771 717 1854 iere
744 1801 844 1870 noxius,
869 1818 931 1854 cum
957 1819 1004 1854 suo

89 1869 220 1939 supplicio
243 1871 394 1938 crucietur,⁶
417 1870 563 1939 acquiescit
586 1870 681 1924 alieno.
728 1870 778 1922 Tot
798 1871 898 1924 conscii
921 1888 954 1922 ne
979 1872 1003 1923 in

88 1938 234 2007 equuleum
248 1939 357 2006 quidem
376 1939 491 2008 impositi
504 1955 597 1992 verum
616 1938 787 1992 fatebuntur?
822 1939 914 2008 Atqui⁰
926 1957 1004 1992 nemo

88 2009 173 2076 parcit
184 2008 317 2076 morituro,
331 2025 381 2060 nec
393 2009 519 2077 cuiquam
532 2008 680 2077 moriturus,
693 2016 722 2060 ut
733 2007 832 2076 opinor.

122 2082 166 2130 38.
185 2077 230 2132 Ad
243 2093 335 2130 verum
353 2077 454 2130 crimen
472 2087 499 2130 et
510 2078 545 2130 ad
558 2095 641 2130 unum
659 2075 845 2130 revertendum
864 2077 930 2130 mihi
948 2089 1003 2130 est:

88 2163 134 2198 cur
153 2163 214 2200 rem
233 2146 351 2198 delatam
370 2146 404 2198 ad
424 2155 451 2200 te
473 2147 598 2200 tacuistil
623 2162 669 2198 cur
688 2153 743 2198 tam
762 2163 870 2200 securus
889 2147 1003 2202 audisti?

88 2216 144 2268 Hoc
169 2215 355 2286 qualecunque
379 2225 428 2286 est,
448 2215 569 2270 confesso
593 2215 667 2284 milri,
689 2215 841 2285 ubicunque
865 2234 903 2286 es,
925 2217 1004 2272 Ales·

8 2301 15 2308 ·
87 2285 179 2354 ander,
210 2285 352 2338 remisisti:
386 2285 525 2338 dexteram
559 2295 632 2338 tuam
667 2284 813 2356 amplexus,
845 2286 1003 2340 reconciliati

88 2356 185 2424 pignus
201 2354 293 2424 animi,
312 2354 431 2407 convivio
449 2371 553 2424 quoque
573 2353 685 2410 interlui.
731 2354 758 2408 Si
776 2355 911 2410 credidisti
928 2354 1002 2425 mihi,

117 2518 123 2540 ¹
135 2510 186 2558 For
197 2509 240 2558 the
249 2510 411 2558 construction
422 2509 450 2556 oi
461 2512 522 2565 licet,
535 2525 576 2558 see
589 2510 686 2570 Zumpt,
700 2509 714 2562 i
725 2514 778 2558 601.

115 2570 177 2618 'To
193 2567 249 2629 give
266 2569 307 2616 the
323 2567 386 2616 force
397 2567 425 2615 of
438 2567 478 2616 the
494 2569 634 2629 gerundivo,
647 2585 685 2616 we
699 2579 764 2618 must
776 2569 890 2617 translate
901 2570 958 2618 here
971 2571 1002 2627 by

88 2630 130 2678 the
145 2629 225 2678 active
237 2629 320 2675 voice:
340 2626 483 2686 ‘especially
495 2629 561 2676 since
578 2644 622 2676 one
638 2628 717 2689 might
728 2629 790 2676 have
802 2631 862 2676 been
873 2629 950 2676 under
961 2627 1002 2675 the

87 2688 211 2748 necessity
222 2687 250 2735 os
262 2688 360 2748 naming
371 2702 418 2738 me.
431 2702 494 2734 even
504 2687 607 2747 salscly!
640 2689 686 2736 Sec
701 2688 780 2737 Gram.
793 2687 867 2738 §392

116 2753 126 2776 ⁸
139 2747 177 2794 ‘It
187 2763 239 2794 was
249 2756 291 2794 not
302 2745 363 2794 after
371 2747 410 2793 the
420 2745 546 2806 discovery
553 2747 604 2794 that
612 2747 641 2794 he
651 2747 738 2807 passed
745 2761 802 2793 over
811 2759 852 2804 my
860 2759 946 2800 name3
959 2746 1002 2793 but

87 2807 160 2854 when
189 2807 255 2867 iving
271 2804 421 2853 informaticn
438 2815 463 2852 to
480 2804 654 2862 Nicomachus,
667 2807 732 2861 who,
745 2805 775 2852 he
789 2801 907 2857 believed,
921 2803 1002 2851 would

87 2867 150 2926 keep
163 2823 204 2912 the
216 2875 303 2920 secret,
317 2865 347 2912 he
355 2862 440 2912 named
450 2863 482 2910 all
493 2865 534 2912 the
545 2864 636 2920 others,
647 2862 786 2920 concealing
797 2876 835 2908 me
846 2860 912 2929 only,
929 2861 1001 2929 ‚The

89 2925 155 2974 ‘but’
169 2923 321 2984 introducing
332 2923 372 2972 the
384 2923 473 2970 second
498 2923 570 2970 artos
577 2923 637 2971 such
648 2939 662 2970 a
673 2932 785 2970 sentence
795 2935 821 2985 as
830 2919 888 2974 thts,
899 2935 919 2967 rs
928 2921 1000 2968 ruthe

88 2985 160 3032 Latin
171 2982 326 3044 rhetorically
337 2981 446 3030 omitted.
480 2938 727 3049 heeZuthBl.
755 3037 787 3047 Η
874 2985 875 2990 ’

115 3051 123 3072 ⁴
135 3043 256 3103 Granting
268 3043 319 3090 that
337 3042 438 3089 Dimnns
451 3057 514 3088 were
526 3040 577 3088 still
588 2997 658 3094 ahvc,
672 3037 718 3086 and
730 3037 804 3105 willrn
833 3046 858 3085 tc
869 3051 938 3106 spate
950 3055 998 3096 me,
1072 3069 1075 3076 .

87 3101 135 3150 will
148 3103 190 3149 the
201 3102 293 3156 others,
307 3101 377 3148 when
389 3099 527 3167 confessing
543 3099 605 3146 their
615 3113 671 3165 own
680 3097 750 3144 share
761 3111 786 3143 m
796 3051 838 3144 the
849 3111 997 3159 conspiracy,

87 3163 149 3222 keep
160 3177 202 3221 my
209 3177 280 3208 name
292 3159 434 3208 concealed!
463 3157 575 3213 lronrcal,
586 3171 699 3215 meaning
711 3160 717 3181 ⁴
728 3155 768 3204 No
780 3155 854 3204 doubt
865 3157 906 3204 the
918 3157 1000 3206 others

86 3221 136 3268 will
147 3235 218 3268 name
235 3221 348 3267 me-hut
364 3219 422 3278 they
433 3217 463 3264 dc
480 3217 537 3264 not!
575 3215 669 3263 Viveret
680 3214 726 3263 and
736 3225 837 3278 parceret
849 3231 888 3264 are
900 3231 997 3265 conces-

86 3281 136 3328 sive
149 3279 325 3339 subjunctives.
357 3278 403 3325 See
417 3277 497 3324 Gram.
510 3277 523 3326 h
534 3279 585 3322 351.

114 3348 122 3372 ¹
133 3339 189 3386 Tne
202 3338 329 3385 indicative
340 3337 417 3396 might
429 3335 480 3382 also
491 3333 552 3382 have
561 3331 630 3381 stood
642 3332 714 3382 here:
734 3339 740 3360 ⁴
751 3333 834 3382 When
842 3334 872 3382 he
881 3335 902 3381 is
911 3334 997 3384 endur-

85 3399 126 3460 ing
136 3397 178 3446 the
191 3405 296 3444 torturas
306 3396 334 3444 ol
346 3397 383 3444 his
394 3409 450 3442 own
461 3392 633 3452 punishment!

114 3463 123 3488 ⁸
136 3455 202 3504 ‘But
213 3454 339 3515 assuredly
350 3452 446 3514 nobody
457 3468 539 3513 speres
550 3467 595 3500 one
607 3452 662 3500 who
673 3453 693 3502 is
704 3451 806 3502 doomed
817 3461 842 3500 to
853 3449 909 3500 dte!
