<?xml version="1.0" encoding="UTF-8"?>
<!DOCTYPE html PUBLIC "-//W3C//DTD XHTML 1.0 Transitional//EN"
    "http://www.w3.org/TR/xhtml1/DTD/xhtml1-transitional.dtd">
<html xmlns="http://www.w3.org/1999/xhtml" xml:lang="en" lang="en">
 <head>
  <title>
</title>
<meta http-equiv="Content-Type" content="text/html;charset=utf-8" />
  <meta name='ocr-system' content='tesseract 3.04.00' />
  <meta name='ocr-capabilities' content='ocr_page ocr_carea ocr_par ocr_line ocrx_word'/>
</head>
<body>
  <div class='ocr_page' id='page_1' title='image "./qcurtiirufidege02rufugoog_0178.png"; bbox 0 0 2274 3844; ppageno 0'>
   <div class='ocr_carea' id='block_1_1' title="bbox 139 197 781 284">
    <p class='ocr_par' dir='ltr' id='par_1_1' title="bbox 139 197 781 284">
     <span class='ocr_line' id='line_1_1' title="bbox 139 197 781 284; baseline -0.016 -1"><span class='ocrx_word' id='word_1_1' title='bbox 139 231 193 284; x_wconf 77' lang='grc'>168</span> <span class='ocrx_word' id='word_1_2' title='bbox 401 237 454 278; x_wconf 87' lang='lat' dir='ltr'>urr-</span> <span class='ocrx_word' id='word_1_3' title='bbox 465 237 572 278; x_wconf 81' lang='lat' dir='ltr'>casrts</span> <span class='ocrx_word' id='word_1_4' title='bbox 595 197 781 276; x_wconf 70' lang='lat' dir='ltr'>acaunum.</span> 
     </span>
    </p>
   </div>
   <div class='ocr_carea' id='block_1_2' title="bbox 134 343 1133 485">
    <p class='ocr_par' dir='ltr' id='par_1_2' title="bbox 134 343 1133 485">
     <span class='ocr_line' id='line_1_2' title="bbox 134 343 1133 424; baseline -0.007 -22"><span class='ocrx_word' id='word_1_5' title='bbox 134 349 271 404; x_wconf 75' lang='lat' dir='ltr'>absolutus</span> <span class='ocrx_word' id='word_1_6' title='bbox 288 365 356 416; x_wconf 83' lang='lat' dir='ltr'>aum,</span> <span class='ocrx_word' id='word_1_7' title='bbox 375 347 398 400; x_wconf 86' lang='lat' dir='ltr'>si</span> <span class='ocrx_word' id='word_1_8' title='bbox 416 346 566 416; x_wconf 74' lang='lat' dir='ltr'>pepercisti,</span> <span class='ocrx_word' id='word_1_9' title='bbox 584 343 740 398; x_wconf 88' lang='lat' dir='ltr'>dimissus:¹</span> <span class='ocrx_word' id='word_1_10' title='bbox 757 344 800 396; x_wconf 87' lang='lat' dir='ltr'>rel</span> <span class='ocrx_word' id='word_1_11' title='bbox 818 343 949 413; x_wconf 84' lang='lat' dir='ltr'>judicium</span> <span class='ocrx_word' id='word_1_12' title='bbox 971 352 1054 397; x_wconf 88' lang='lat' dir='ltr'>tuum</span> <span class='ocrx_word' id='word_1_13' title='bbox 1131 387 1133 424; x_wconf 70' lang='lat'>,</span> 
     </span>
     <span class='ocr_line' id='line_1_3' title="bbox 136 413 1053 485; baseline -0.007 -14"><span class='ocrx_word' id='word_1_14' title='bbox 136 435 220 472; x_wconf 84' lang='lat' dir='ltr'>serva.</span> <span class='ocrx_word' id='word_1_15' title='bbox 256 417 325 475; x_wconf 88' lang='lat' dir='ltr'>Quid</span> <span class='ocrx_word' id='word_1_16' title='bbox 339 417 389 469; x_wconf 82' lang='lat' dir='ltr'>hac</span> <span class='ocrx_word' id='word_1_17' title='bbox 402 418 520 485; x_wconf 81' lang='lat' dir='ltr'>proxima</span> <span class='ocrx_word' id='word_1_18' title='bbox 538 425 622 482; x_wconf 88' lang='lat' dir='ltr'>nocte,</span> <span class='ocrx_word' id='word_1_19' title='bbox 635 431 688 482; x_wconf 85' lang='lat' dir='ltr'>qua</span> <span class='ocrx_word' id='word_1_20' title='bbox 706 413 841 482; x_wconf 85' lang='lat' dir='ltr'>digressus</span> <span class='ocrx_word' id='word_1_21' title='bbox 853 431 914 466; x_wconf 88' lang='lat' dir='ltr'>sum</span> <span class='ocrx_word' id='word_1_22' title='bbox 926 431 942 465; x_wconf 80' lang='lat' dir='ltr'><strong>a</strong></span> <span class='ocrx_word' id='word_1_23' title='bbox 953 431 1053 466; x_wconf 85' lang='lat' dir='ltr'>mensa</span> 
     </span>
    </p>
   </div>
   <div class='ocr_carea' id='block_1_3' title="bbox 135 483 1133 682">
    <p class='ocr_par' dir='ltr' id='par_1_3' title="bbox 135 483 1133 682">
     <span class='ocr_line' id='line_1_4' title="bbox 135 483 1133 555; baseline -0.007 -14"><span class='ocrx_word' id='word_1_24' title='bbox 135 499 187 554; x_wconf 88' lang='lat' dir='ltr'>tua,</span> <span class='ocrx_word' id='word_1_25' title='bbox 201 487 273 539; x_wconf 72' lang='lat' dir='ltr'>fecii</span> <span class='ocrx_word' id='word_1_26' title='bbox 291 488 360 555; x_wconf 91' lang='lat' dir='ltr'>quod</span> <span class='ocrx_word' id='word_1_27' title='bbox 373 503 470 540; x_wconf 86' lang='lat' dir='ltr'>novum</span> <span class='ocrx_word' id='word_1_28' title='bbox 484 485 587 538; x_wconf 81' lang='lat' dir='ltr'>lacinus</span> <span class='ocrx_word' id='word_1_29' title='bbox 598 483 715 536; x_wconf 85' lang='lat' dir='ltr'>delatum</span> <span class='ocrx_word' id='word_1_30' title='bbox 729 483 761 536; x_wconf 85' lang='lat' dir='ltr'>ad</span> <span class='ocrx_word' id='word_1_31' title='bbox 771 491 798 536; x_wconf 87' lang='lat' dir='ltr'>te</span> <span class='ocrx_word' id='word_1_32' title='bbox 808 484 1052 536; x_wconf 85' lang='lat' dir='ltr'>mutavitanimum</span> <span class='ocrx_word' id='word_1_33' title='bbox 1132 499 1133 534; x_wconf 73' lang='lat'>3</span> 
     </span>
     <span class='ocr_line' id='line_1_5' title="bbox 135 552 1133 623; baseline -0.005 -15"><span class='ocrx_word' id='word_1_34' title='bbox 135 556 231 610; x_wconf 75' lang='lat' dir='ltr'>tumul</span> <span class='ocrx_word' id='word_1_35' title='bbox 278 556 358 608; x_wconf 83' lang='lat' dir='ltr'>Gravi</span> <span class='ocrx_word' id='word_1_36' title='bbox 377 571 469 623; x_wconf 89' lang='lat' dir='ltr'>sopore</span> <span class='ocrx_word' id='word_1_37' title='bbox 486 554 700 622; x_wconf 73' lang='lat' dir='ltr'>acquiescebam,</span> <span class='ocrx_word' id='word_1_38' title='bbox 720 570 782 605; x_wconf 89' lang='lat' dir='ltr'>cum</span> <span class='ocrx_word' id='word_1_39' title='bbox 800 569 845 606; x_wconf 87' lang='lat' dir='ltr'>me</span> <span class='ocrx_word' id='word_1_40' title='bbox 863 552 944 604; x_wconf 83' lang='lat' dir='ltr'>malis</span> <span class='ocrx_word' id='word_1_41' title='bbox 964 552 1052 604; x_wconf 89' lang='lat' dir='ltr'>indor·</span> <span class='ocrx_word' id='word_1_42' title='bbox 1131 575 1133 620; x_wconf 61' lang='lat' dir='ltr'><strong>f</strong></span> 
     </span>
     <span class='ocr_line' id='line_1_6' title="bbox 135 621 1133 682; baseline -0.008 -2"><span class='ocrx_word' id='word_1_43' title='bbox 135 627 263 680; x_wconf 81' lang='lat' dir='ltr'>inientem</span> <span class='ocrx_word' id='word_1_44' title='bbox 288 626 368 678; x_wconf 68' lang='lat' dir='ltr'>meis²</span> <span class='ocrx_word' id='word_1_45' title='bbox 391 624 490 676; x_wconf 89' lang='lat' dir='ltr'>inimici</span> <span class='ocrx_word' id='word_1_46' title='bbox 515 622 653 675; x_wconf 87' lang='lat' dir='ltr'>vinciendo</span> <span class='ocrx_word' id='word_1_47' title='bbox 676 622 869 674; x_wconf 84' lang='lat' dir='ltr'>excitaverunt.</span> <span class='ocrx_word' id='word_1_48' title='bbox 918 621 1000 675; x_wconf 89' lang='lat' dir='ltr'>Unde</span> <span class='ocrx_word' id='word_1_49' title='bbox 1023 630 1051 674; x_wconf 92' lang='lat' dir='ltr'>et</span> <span class='ocrx_word' id='word_1_50' title='bbox 1132 647 1133 682; x_wconf 71' lang='lat'>;</span> 
     </span>
    </p>
   </div>
   <div class='ocr_carea' id='block_1_4' title="bbox 81 690 1133 2010">
    <p class='ocr_par' dir='ltr' id='par_1_4' title="bbox 81 690 1133 2010">
     <span class='ocr_line' id='line_1_7' title="bbox 135 690 1051 770; baseline -0.002 -24"><span class='ocrx_word' id='word_1_51' title='bbox 135 695 281 764; x_wconf 87' lang='lat' dir='ltr'>parricidae</span> <span class='ocrx_word' id='word_1_52' title='bbox 294 703 321 746; x_wconf 90' lang='lat' dir='ltr'>et</span> <span class='ocrx_word' id='word_1_53' title='bbox 334 693 456 764; x_wconf 75' lang='lat' dir='ltr'>proditori</span> <span class='ocrx_word' id='word_1_54' title='bbox 470 701 524 745; x_wconf 89' lang='lat' dir='ltr'>tam</span> <span class='ocrx_word' id='word_1_55' title='bbox 541 692 588 744; x_wconf 81' lang='lat' dir='ltr'>alti</span> <span class='ocrx_word' id='word_1_56' title='bbox 607 692 682 770; x_wconf 82' lang='lat' dir='ltr'>quiea</span> <span class='ocrx_word' id='word_1_57' title='bbox 699 691 804 744; x_wconf 71' lang='lat' dir='ltr'>somni?</span> <span class='ocrx_word' id='word_1_58' title='bbox 842 690 970 743; x_wconf 74' lang='lat' dir='ltr'>Scelerati</span> <span class='ocrx_word' id='word_1_59' title='bbox 990 709 1051 744; x_wconf 88' lang='lat' dir='ltr'>con·</span> 
     </span>
     <span class='ocr_line' id='line_1_8' title="bbox 135 762 1133 834; baseline -0.005 -18"><span class='ocrx_word' id='word_1_60' title='bbox 135 766 245 816; x_wconf 84' lang='lat' dir='ltr'>scientia</span> <span class='ocrx_word' id='word_1_61' title='bbox 264 764 433 834; x_wconf 73' lang='lat' dir='ltr'>obstrepente</span> <span class='ocrx_word' id='word_1_62' title='bbox 453 779 515 814; x_wconf 89' lang='lat' dir='ltr'>curn</span> <span class='ocrx_word' id='word_1_63' title='bbox 536 762 651 812; x_wconf 79' lang='lat' dir='ltr'>dormire</span> <span class='ocrx_word' id='word_1_64' title='bbox 672 777 722 813; x_wconf 92' lang='lat' dir='ltr'>non</span> <span class='ocrx_word' id='word_1_65' title='bbox 742 769 859 829; x_wconf 83' lang='lat' dir='ltr'>possunt,</span> <span class='ocrx_word' id='word_1_66' title='bbox 881 762 983 828; x_wconf 79' lang='lat' dir='ltr'>agitant</span> <span class='ocrx_word' id='word_1_67' title='bbox 1005 777 1052 812; x_wconf 75' lang='lat' dir='ltr'>eos</span> <span class='ocrx_word' id='word_1_68' title='bbox 1132 771 1133 776; x_wconf 76' lang='grc'>’</span> 
     </span>
     <span class='ocr_line' id='line_1_9' title="bbox 134 830 1052 900; baseline -0.003 -16"><span class='ocrx_word' id='word_1_69' title='bbox 134 834 226 898; x_wconf 85' lang='lat' dir='ltr'>suriae,</span> <span class='ocrx_word' id='word_1_70' title='bbox 240 850 290 885; x_wconf 93' lang='lat' dir='ltr'>non</span> <span class='ocrx_word' id='word_1_71' title='bbox 303 835 417 900; x_wconf 87' lang='lat' dir='ltr'>cogitato</span> <span class='ocrx_word' id='word_1_72' title='bbox 428 831 514 900; x_wconf 89' lang='lat' dir='ltr'>modo,</span> <span class='ocrx_word' id='word_1_73' title='bbox 527 830 574 882; x_wconf 88' lang='lat' dir='ltr'>sed</span> <span class='ocrx_word' id='word_1_74' title='bbox 587 831 670 882; x_wconf 87' lang='lat' dir='ltr'>etiam</span> <span class='ocrx_word' id='word_1_75' title='bbox 688 839 873 882; x_wconf 85' lang='lat' dir='ltr'>consummato</span> <span class='ocrx_word' id='word_1_76' title='bbox 891 831 1052 898; x_wconf 71' lang='lat' dir='ltr'>parricidio.³</span> 
     </span>
     <span class='ocr_line' id='line_1_10' title="bbox 135 899 1051 970; baseline -0.003 -15"><span class='ocrx_word' id='word_1_77' title='bbox 135 907 170 956; x_wconf 88' lang='lat' dir='ltr'>At</span> <span class='ocrx_word' id='word_1_78' title='bbox 194 903 259 955; x_wconf 88' lang='lat' dir='ltr'>mibi</span> <span class='ocrx_word' id='word_1_79' title='bbox 283 903 453 954; x_wconf 82' lang='lat' dir='ltr'>securitatem</span> <span class='ocrx_word' id='word_1_80' title='bbox 477 902 591 970; x_wconf 88' lang='lat' dir='ltr'>primurn</span> <span class='ocrx_word' id='word_1_81' title='bbox 616 900 765 952; x_wconf 86' lang='lat' dir='ltr'>innocentia</span> <span class='ocrx_word' id='word_1_82' title='bbox 787 916 857 968; x_wconf 84' lang='lat' dir='ltr'>mee,</span> <span class='ocrx_word' id='word_1_83' title='bbox 881 899 981 951; x_wconf 90' lang='lat' dir='ltr'>deinde</span> <span class='ocrx_word' id='word_1_84' title='bbox 1007 909 1051 952; x_wconf 89' lang='lat' dir='ltr'>tua</span> 
     </span>
     <span class='ocr_line' id='line_1_11' title="bbox 134 968 1133 1038; baseline -0.004 -14"><span class='ocrx_word' id='word_1_85' title='bbox 134 972 244 1026; x_wconf 80' lang='lat' dir='ltr'>deutera</span> <span class='ocrx_word' id='word_1_86' title='bbox 267 972 430 1024; x_wconf 86' lang='lat' dir='ltr'>obtulerant:</span> <span class='ocrx_word' id='word_1_87' title='bbox 456 987 507 1022; x_wconf 88' lang='lat' dir='ltr'>non</span> <span class='ocrx_word' id='word_1_88' title='bbox 532 968 615 1036; x_wconf 87' lang='lat' dir='ltr'>timui,</span> <span class='ocrx_word' id='word_1_89' title='bbox 638 985 672 1020; x_wconf 89' lang='lat' dir='ltr'>ne</span> <span class='ocrx_word' id='word_1_90' title='bbox 695 969 756 1038; x_wconf 89' lang='lat' dir='ltr'>plus</span> <span class='ocrx_word' id='word_1_91' title='bbox 773 968 878 1022; x_wconf 84' lang='lat' dir='ltr'>alienae</span> <span class='ocrx_word' id='word_1_92' title='bbox 898 968 1051 1024; x_wconf 81' lang='lat' dir='ltr'>crudelitati</span> <span class='ocrx_word' id='word_1_93' title='bbox 1132 969 1133 984; x_wconf 65' lang='lat'>¹</span> 
     </span>
     <span class='ocr_line' id='line_1_12' title="bbox 134 1036 1051 1110; baseline -0.003 -17"><span class='ocrx_word' id='word_1_94' title='bbox 134 1043 204 1110; x_wconf 80' lang='lat' dir='ltr'>apud</span> <span class='ocrx_word' id='word_1_95' title='bbox 219 1051 244 1093; x_wconf 90' lang='lat' dir='ltr'>te</span> <span class='ocrx_word' id='word_1_96' title='bbox 257 1041 357 1109; x_wconf 88' lang='lat' dir='ltr'>liceret,</span> <span class='ocrx_word' id='word_1_97' title='bbox 367 1057 447 1110; x_wconf 85' lang='lat' dir='ltr'>quam</span> <span class='ocrx_word' id='word_1_98' title='bbox 460 1039 621 1092; x_wconf 81' lang='lat' dir='ltr'>clementiae</span> <span class='ocrx_word' id='word_1_99' title='bbox 634 1048 704 1090; x_wconf 85' lang='lat' dir='ltr'>tuae.</span> <span class='ocrx_word' id='word_1_100' title='bbox 735 1038 786 1092; x_wconf 85' lang='lat' dir='ltr'>Sed</span> <span class='ocrx_word' id='word_1_101' title='bbox 799 1055 834 1090; x_wconf 89' lang='lat' dir='ltr'>ne</span> <span class='ocrx_word' id='word_1_102' title='bbox 846 1047 873 1090; x_wconf 87' lang='lat' dir='ltr'>te</span> <span class='ocrx_word' id='word_1_103' title='bbox 885 1036 954 1090; x_wconf 88' lang='lat' dir='ltr'>mihi</span> <span class='ocrx_word' id='word_1_104' title='bbox 967 1039 1051 1090; x_wconf 89' lang='lat' dir='ltr'>credi·</span> 
     </span>
     <span class='ocr_line' id='line_1_13' title="bbox 134 1107 1050 1179; baseline -0.003 -16"><span class='ocrx_word' id='word_1_105' title='bbox 134 1112 206 1163; x_wconf 86' lang='lat' dir='ltr'>disse</span> <span class='ocrx_word' id='word_1_106' title='bbox 219 1110 360 1179; x_wconf 84' lang='lat' dir='ltr'>poeniteat,</span> <span class='ocrx_word' id='word_1_107' title='bbox 372 1127 413 1162; x_wconf 90' lang='lat' dir='ltr'>res</span> <span class='ocrx_word' id='word_1_108' title='bbox 424 1110 458 1161; x_wconf 91' lang='lat' dir='ltr'>ad</span> <span class='ocrx_word' id='word_1_109' title='bbox 470 1125 516 1162; x_wconf 91' lang='lat' dir='ltr'>me</span> <span class='ocrx_word' id='word_1_110' title='bbox 525 1107 718 1161; x_wconf 84' lang='lat' dir='ltr'>deserebatura</span> <span class='ocrx_word' id='word_1_111' title='bbox 745 1124 816 1175; x_wconf 81' lang='lat' dir='ltr'>uero,</span> <span class='ocrx_word' id='word_1_112' title='bbox 825 1107 870 1176; x_wconf 90' lang='lat' dir='ltr'>qui</span> <span class='ocrx_word' id='word_1_113' title='bbox 880 1123 931 1160; x_wconf 92' lang='lat' dir='ltr'>non</span> <span class='ocrx_word' id='word_1_114' title='bbox 943 1115 1050 1175; x_wconf 85' lang='lat' dir='ltr'>testem,</span> 
     </span>
     <span class='ocr_line' id='line_1_14' title="bbox 135 1125 1050 1254; baseline -0.002 -22"><span class='ocrx_word' id='word_1_115' title='bbox 135 1197 185 1233; x_wconf 90' lang='lat' dir='ltr'>uon</span> <span class='ocrx_word' id='word_1_116' title='bbox 199 1181 294 1250; x_wconf 85' lang='lat' dir='ltr'>pignus</span> <span class='ocrx_word' id='word_1_117' title='bbox 307 1179 396 1232; x_wconf 90' lang='lat' dir='ltr'>indicii</span> <span class='ocrx_word' id='word_1_118' title='bbox 408 1178 535 1231; x_wconf 84' lang='lat' dir='ltr'>exhibere</span> <span class='ocrx_word' id='word_1_119' title='bbox 547 1187 656 1246; x_wconf 87' lang='lat' dir='ltr'>poterat,</span> <span class='ocrx_word' id='word_1_120' title='bbox 671 1125 837 1254; x_wconf 68' lang='lat' dir='ltr'>impllrturus*</span> <span class='ocrx_word' id='word_1_121' title='bbox 853 1193 948 1230; x_wconf 88' lang='lat' dir='ltr'>omnes</span> <span class='ocrx_word' id='word_1_122' title='bbox 967 1187 1050 1245; x_wconf 85' lang='lat' dir='ltr'>metu,</span> 
     </span>
     <span class='ocr_line' id='line_1_15' title="bbox 134 1246 1052 1318; baseline -0.004 -16"><span class='ocrx_word' id='word_1_123' title='bbox 134 1251 156 1302; x_wconf 90' lang='lat' dir='ltr'>si</span> <span class='ocrx_word' id='word_1_124' title='bbox 168 1251 299 1318; x_wconf 87' lang='lat' dir='ltr'>coepisset</span> <span class='ocrx_word' id='word_1_125' title='bbox 310 1249 403 1300; x_wconf 89' lang='lat' dir='ltr'>audiri.</span> <span class='ocrx_word' id='word_1_126' title='bbox 440 1249 574 1301; x_wconf 79' lang='lat' dir='ltr'>Amatoris</span> <span class='ocrx_word' id='word_1_127' title='bbox 585 1256 612 1300; x_wconf 87' lang='lat' dir='ltr'>et</span> <span class='ocrx_word' id='word_1_128' title='bbox 624 1248 701 1299; x_wconf 87' lang='lat' dir='ltr'>scorti</span> <span class='ocrx_word' id='word_1_129' title='bbox 718 1249 803 1317; x_wconf 82' lang='lat' dir='ltr'>yurgio</span> <span class='ocrx_word' id='word_1_130' title='bbox 821 1246 952 1314; x_wconf 87' lang='lat' dir='ltr'>interponi</span> <span class='ocrx_word' id='word_1_131' title='bbox 971 1264 1052 1298; x_wconf 86' lang='lat' dir='ltr'>aures</span> 
     </span>
     <span class='ocr_line' id='line_1_16' title="bbox 134 1314 1051 1396; baseline -0.003 -24"><span class='ocrx_word' id='word_1_132' title='bbox 134 1337 210 1372; x_wconf 89' lang='lat' dir='ltr'>meas</span> <span class='ocrx_word' id='word_1_133' title='bbox 226 1318 326 1370; x_wconf 89' lang='lat' dir='ltr'>credidi</span> <span class='ocrx_word' id='word_1_134' title='bbox 345 1317 457 1385; x_wconf 79' lang='lat' dir='ltr'>infelix,⁵</span> <span class='ocrx_word' id='word_1_135' title='bbox 474 1326 501 1370; x_wconf 89' lang='lat' dir='ltr'>et</span> <span class='ocrx_word' id='word_1_136' title='bbox 519 1317 601 1370; x_wconf 87' lang='lat' dir='ltr'>fidem</span> <span class='ocrx_word' id='word_1_137' title='bbox 619 1316 679 1396; x_wconf 72' lang='lat' dir='ltr'>ejus</span> <span class='ocrx_word' id='word_1_138' title='bbox 695 1324 847 1385; x_wconf 88' lang='lat' dir='ltr'>suspectam</span> <span class='ocrx_word' id='word_1_139' title='bbox 870 1314 961 1384; x_wconf 88' lang='lat' dir='ltr'>habui,</span> <span class='ocrx_word' id='word_1_140' title='bbox 979 1315 1051 1386; x_wconf 88' lang='lat' dir='ltr'>quod</span> 
     </span>
     <span class='ocr_line' id='line_1_17' title="bbox 81 1383 1051 1457; baseline -0.002 -17"><span class='ocrx_word' id='word_1_141' title='bbox 81 1425 86 1432; x_wconf 84' lang='lat'>-</span> <span class='ocrx_word' id='word_1_142' title='bbox 134 1405 185 1440; x_wconf 88' lang='lat' dir='ltr'>non</span> <span class='ocrx_word' id='word_1_143' title='bbox 199 1390 255 1457; x_wconf 88' lang='lat' dir='ltr'>ipse</span> <span class='ocrx_word' id='word_1_144' title='bbox 267 1387 390 1456; x_wconf 79' lang='lat' dir='ltr'>deferret,</span> <span class='ocrx_word' id='word_1_145' title='bbox 403 1387 451 1439; x_wconf 90' lang='lat' dir='ltr'>sed</span> <span class='ocrx_word' id='word_1_146' title='bbox 471 1387 579 1439; x_wconf 82' lang='lat' dir='ltr'>fratrem</span> <span class='ocrx_word' id='word_1_147' title='bbox 592 1395 678 1454; x_wconf 79' lang='lat' dir='ltr'>potrus</span> <span class='ocrx_word' id='word_1_148' title='bbox 696 1383 869 1439; x_wconf 70' lang='lat' dir='ltr'>subornaret.⁸</span> <span class='ocrx_word' id='word_1_149' title='bbox 904 1384 1003 1454; x_wconf 89' lang='lat' dir='ltr'>Timui,</span> <span class='ocrx_word' id='word_1_150' title='bbox 1017 1403 1051 1440; x_wconf 89' lang='lat' dir='ltr'>ue</span> 
     </span>
     <span class='ocr_line' id='line_1_18' title="bbox 135 1453 1051 1524; baseline -0.001 -15"><span class='ocrx_word' id='word_1_151' title='bbox 135 1465 242 1524; x_wconf 77' lang='lat' dir='ltr'>negaret</span> <span class='ocrx_word' id='word_1_152' title='bbox 259 1456 402 1508; x_wconf 87' lang='lat' dir='ltr'>mandasse</span> <span class='ocrx_word' id='word_1_153' title='bbox 420 1473 481 1508; x_wconf 88' lang='lat' dir='ltr'>sese</span> <span class='ocrx_word' id='word_1_154' title='bbox 499 1455 632 1524; x_wconf 75' lang='lat' dir='ltr'>Cebalino,</span> <span class='ocrx_word' id='word_1_155' title='bbox 646 1463 673 1507; x_wconf 88' lang='lat' dir='ltr'>et</span> <span class='ocrx_word' id='word_1_156' title='bbox 690 1472 739 1523; x_wconf 84' lang='lat' dir='ltr'>ego</span> <span class='ocrx_word' id='word_1_157' title='bbox 752 1455 857 1508; x_wconf 84' lang='lat' dir='ltr'>viderer</span> <span class='ocrx_word' id='word_1_158' title='bbox 871 1453 965 1508; x_wconf 88' lang='lat' dir='ltr'>multis</span> <span class='ocrx_word' id='word_1_159' title='bbox 984 1457 1051 1508; x_wconf 86' lang='lat' dir='ltr'>ami·</span> 
     </span>
     <span class='ocr_line' id='line_1_19' title="bbox 135 1523 1050 1593; baseline 0.001 -16"><span class='ocrx_word' id='word_1_160' title='bbox 135 1543 225 1577; x_wconf 90' lang='lat' dir='ltr'>corum</span> <span class='ocrx_word' id='word_1_161' title='bbox 239 1526 307 1592; x_wconf 85' lang='lat' dir='ltr'>regis</span> <span class='ocrx_word' id='word_1_162' title='bbox 320 1524 403 1577; x_wconf 87' lang='lat' dir='ltr'>luisse</span> <span class='ocrx_word' id='word_1_163' title='bbox 421 1525 530 1593; x_wconf 89' lang='lat' dir='ltr'>periculi</span> <span class='ocrx_word' id='word_1_164' title='bbox 548 1541 639 1577; x_wconf 85' lang='lat' dir='ltr'>causa.</span> <span class='ocrx_word' id='word_1_165' title='bbox 675 1523 717 1577; x_wconf 89' lang='lat' dir='ltr'>Sic</span> <span class='ocrx_word' id='word_1_166' title='bbox 730 1541 836 1593; x_wconf 91' lang='lat' dir='ltr'>quoque</span> <span class='ocrx_word' id='word_1_167' title='bbox 848 1540 912 1576; x_wconf 86' lang='lat' dir='ltr'>cum</span> <span class='ocrx_word' id='word_1_168' title='bbox 924 1523 1050 1578; x_wconf 68' lang='lat' dir='ltr'>laeserim</span> 
     </span>
     <span class='ocr_line' id='line_1_20' title="bbox 135 1592 1049 1662; baseline 0.003 -16"><span class='ocrx_word' id='word_1_169' title='bbox 135 1595 271 1646; x_wconf 87' lang='lat' dir='ltr'>neminem</span> <span class='ocrx_word' id='word_1_170' title='bbox 295 1594 393 1662; x_wconf 89' lang='lat' dir='ltr'>inveni,</span> <span class='ocrx_word' id='word_1_171' title='bbox 411 1594 457 1662; x_wconf 91' lang='lat' dir='ltr'>qui</span> <span class='ocrx_word' id='word_1_172' title='bbox 480 1594 583 1647; x_wconf 81' lang='lat' dir='ltr'>mallet⁷</span> <span class='ocrx_word' id='word_1_173' title='bbox 603 1593 688 1662; x_wconf 88' lang='lat' dir='ltr'>perire</span> <span class='ocrx_word' id='word_1_174' title='bbox 708 1611 761 1662; x_wconf 87' lang='lat' dir='ltr'>me,</span> <span class='ocrx_word' id='word_1_175' title='bbox 780 1609 862 1661; x_wconf 84' lang='lat' dir='ltr'>quam</span> <span class='ocrx_word' id='word_1_176' title='bbox 885 1592 1049 1650; x_wconf 82' lang='lat' dir='ltr'>incolumem</span> 
     </span>
     <span class='ocr_line' id='line_1_21' title="bbox 135 1661 1049 1731; baseline 0.002 -17"><span class='ocrx_word' id='word_1_177' title='bbox 135 1680 210 1714; x_wconf 80' lang='lat' dir='ltr'>ease:</span> <span class='ocrx_word' id='word_1_178' title='bbox 232 1663 295 1731; x_wconf 90' lang='lat' dir='ltr'>quid</span> <span class='ocrx_word' id='word_1_179' title='bbox 316 1662 516 1716; x_wconf 73' lang='lat' dir='ltr'>inimicitiarum</span> <span class='ocrx_word' id='word_1_180' title='bbox 535 1663 644 1717; x_wconf 88' lang='lat' dir='ltr'>creditis</span> <span class='ocrx_word' id='word_1_181' title='bbox 662 1672 837 1731; x_wconf 84' lang='lat' dir='ltr'>excepturum</span> <span class='ocrx_word' id='word_1_182' title='bbox 854 1661 949 1731; x_wconf 79' lang='lat' dir='ltr'>fuisse,</span> <span class='ocrx_word' id='word_1_183' title='bbox 970 1663 1049 1716; x_wconf 88' lang='lat' dir='ltr'>siin·</span> 
     </span>
     <span class='ocr_line' id='line_1_22' title="bbox 135 1731 1049 1787; baseline 0.001 -3"><span class='ocrx_word' id='word_1_184' title='bbox 135 1741 225 1784; x_wconf 80' lang='lat' dir='ltr'>sontes</span> <span class='ocrx_word' id='word_1_185' title='bbox 247 1732 437 1786; x_wconf 78' lang='lat' dir='ltr'>lacessissetnl</span> <span class='ocrx_word' id='word_1_186' title='bbox 472 1735 508 1787; x_wconf 82' lang='lat' dir='ltr'>At</span> <span class='ocrx_word' id='word_1_187' title='bbox 532 1733 605 1786; x_wconf 89' lang='lat' dir='ltr'>enim</span> <span class='ocrx_word' id='word_1_188' title='bbox 628 1733 742 1785; x_wconf 90' lang='lat' dir='ltr'>Dimnus</span> <span class='ocrx_word' id='word_1_189' title='bbox 765 1748 795 1784; x_wconf 88' lang='lat' dir='ltr'>se</span> <span class='ocrx_word' id='word_1_190' title='bbox 819 1731 934 1785; x_wconf 81' lang='lat' dir='ltr'>occidit!</span> <span class='ocrx_word' id='word_1_191' title='bbox 976 1733 1049 1785; x_wconf 89' lang='lat' dir='ltr'>Num</span> 
     </span>
     <span class='ocr_line' id='line_1_23' title="bbox 136 1800 1047 1870; baseline 0.001 -17"><span class='ocrx_word' id='word_1_192' title='bbox 136 1803 214 1868; x_wconf 82' lang='lat' dir='ltr'>igitur</span> <span class='ocrx_word' id='word_1_193' title='bbox 237 1801 369 1854; x_wconf 84' lang='lat' dir='ltr'>lecturum</span> <span class='ocrx_word' id='word_1_194' title='bbox 392 1817 456 1856; x_wconf 87' lang='lat' dir='ltr'>eum</span> <span class='ocrx_word' id='word_1_195' title='bbox 479 1801 597 1854; x_wconf 86' lang='lat' dir='ltr'>divinare</span> <span class='ocrx_word' id='word_1_196' title='bbox 624 1800 718 1870; x_wconf 69' lang='lat' dir='ltr'>potui?</span> <span class='ocrx_word' id='word_1_197' title='bbox 753 1801 877 1854; x_wconf 88' lang='lat' dir='ltr'>Minime.</span> <span class='ocrx_word' id='word_1_198' title='bbox 913 1800 955 1854; x_wconf 84' lang='lat' dir='ltr'>Ita</span> <span class='ocrx_word' id='word_1_199' title='bbox 978 1801 1047 1870; x_wconf 87' lang='lat' dir='ltr'>quod</span> 
     </span>
     <span class='ocr_line' id='line_1_24' title="bbox 135 1869 1048 1940; baseline 0.001 -18"><span class='ocrx_word' id='word_1_200' title='bbox 135 1871 222 1923; x_wconf 85' lang='lat' dir='ltr'>solum</span> <span class='ocrx_word' id='word_1_201' title='bbox 239 1871 336 1924; x_wconf 90' lang='lat' dir='ltr'>indicio</span> <span class='ocrx_word' id='word_1_202' title='bbox 353 1871 435 1925; x_wconf 88' lang='lat' dir='ltr'>fidem</span> <span class='ocrx_word' id='word_1_203' title='bbox 454 1871 525 1940; x_wconf 85' lang='lat' dir='ltr'>lecit,</span> <span class='ocrx_word' id='word_1_204' title='bbox 545 1871 572 1923; x_wconf 90' lang='lat' dir='ltr'>id</span> <span class='ocrx_word' id='word_1_205' title='bbox 589 1887 642 1940; x_wconf 89' lang='lat' dir='ltr'>me,</span> <span class='ocrx_word' id='word_1_206' title='bbox 661 1887 724 1924; x_wconf 87' lang='lat' dir='ltr'>cum</span> <span class='ocrx_word' id='word_1_207' title='bbox 741 1887 757 1924; x_wconf 86' lang='lat' dir='ltr'>a</span> <span class='ocrx_word' id='word_1_208' title='bbox 774 1869 901 1924; x_wconf 74' lang='lat' dir='ltr'>Cebalino</span> <span class='ocrx_word' id='word_1_209' title='bbox 926 1870 1048 1940; x_wconf 87' lang='lat' dir='ltr'>interpel-</span> 
     </span>
     <span class='ocr_line' id='line_1_25' title="bbox 135 1940 593 2010; baseline 0 -18"><span class='ocrx_word' id='word_1_210' title='bbox 135 1940 205 1992; x_wconf 86' lang='lat' dir='ltr'>latus</span> <span class='ocrx_word' id='word_1_211' title='bbox 217 1957 285 2009; x_wconf 90' lang='lat' dir='ltr'>sum,</span> <span class='ocrx_word' id='word_1_212' title='bbox 300 1958 406 1994; x_wconf 89' lang='lat' dir='ltr'>movere</span> <span class='ocrx_word' id='word_1_213' title='bbox 418 1958 470 1994; x_wconf 90' lang='lat' dir='ltr'>non</span> <span class='ocrx_word' id='word_1_214' title='bbox 483 1949 593 2010; x_wconf 89' lang='lat' dir='ltr'>poterat.</span> 
     </span>
    </p>
   </div>
   <div class='ocr_carea' id='block_1_5' title="bbox 134 2007 1132 2149">
    <p class='ocr_par' dir='ltr' id='par_1_5' title="bbox 134 2007 1132 2149">
     <span class='ocr_line' id='line_1_26' title="bbox 170 2007 1132 2080; baseline 0.002 -19"><span class='ocrx_word' id='word_1_215' title='bbox 170 2015 211 2062; x_wconf 89' lang='grc'>39.</span> <span class='ocrx_word' id='word_1_216' title='bbox 230 2014 265 2064; x_wconf 86' lang='lat' dir='ltr'>At</span> <span class='ocrx_word' id='word_1_217' title='bbox 285 2009 402 2080; x_wconf 89' lang='lat' dir='ltr'>hercule,</span> <span class='ocrx_word' id='word_1_218' title='bbox 420 2010 443 2063; x_wconf 89' lang='lat' dir='ltr'>si</span> <span class='ocrx_word' id='word_1_219' title='bbox 462 2010 584 2064; x_wconf 87' lang='lat' dir='ltr'>conscius</span> <span class='ocrx_word' id='word_1_220' title='bbox 605 2009 700 2062; x_wconf 88' lang='lat' dir='ltr'>Dinmo</span> <span class='ocrx_word' id='word_1_221' title='bbox 717 2008 781 2061; x_wconf 91' lang='lat' dir='ltr'>tanti</span> <span class='ocrx_word' id='word_1_222' title='bbox 796 2007 906 2062; x_wconf 88' lang='lat' dir='ltr'>sceleris</span> <span class='ocrx_word' id='word_1_223' title='bbox 926 2008 1046 2076; x_wconf 77' lang='lat' dir='ltr'>fuissem,</span> <span class='ocrx_word' id='word_1_224' title='bbox 1130 2019 1132 2052; x_wconf 66' lang='grc' dir='ltr'>ἐ</span> 
     </span>
     <span class='ocr_line' id='line_1_27' title="bbox 134 2076 1132 2149; baseline -0.004 -17"><span class='ocrx_word' id='word_1_225' title='bbox 134 2079 216 2132; x_wconf 91' lang='lat' dir='ltr'>biduo</span> <span class='ocrx_word' id='word_1_226' title='bbox 236 2079 280 2132; x_wconf 91' lang='lat' dir='ltr'>illo</span> <span class='ocrx_word' id='word_1_227' title='bbox 299 2081 413 2149; x_wconf 89' lang='lat' dir='ltr'>proditos</span> <span class='ocrx_word' id='word_1_228' title='bbox 433 2095 566 2146; x_wconf 89' lang='lat' dir='ltr'>essenos,</span> <span class='ocrx_word' id='word_1_229' title='bbox 586 2077 752 2132; x_wconf 82' lang='lat' dir='ltr'>dissimulare</span> <span class='ocrx_word' id='word_1_230' title='bbox 772 2094 824 2132; x_wconf 91' lang='lat' dir='ltr'>nou</span> <span class='ocrx_word' id='word_1_231' title='bbox 844 2076 944 2133; x_wconf 87' lang='lat' dir='ltr'>debui:</span> <span class='ocrx_word' id='word_1_232' title='bbox 965 2079 1046 2132; x_wconf 83' lang='lat' dir='ltr'>Ceba·</span> <span class='ocrx_word' id='word_1_233' title='bbox 1131 2109 1132 2128; x_wconf 69' lang='lat'><em>2</em></span> 
     </span>
    </p>
   </div>
   <div class='ocr_carea' id='block_1_6' title="bbox 135 2147 1132 2229">
    <p class='ocr_par' dir='ltr' id='par_1_6' title="bbox 135 2147 1132 2229">
     <span class='ocr_line' id='line_1_28' title="bbox 135 2147 1132 2229; baseline -0.001 -28"><span class='ocrx_word' id='word_1_234' title='bbox 135 2149 205 2202; x_wconf 87' lang='lat' dir='ltr'>linus</span> <span class='ocrx_word' id='word_1_235' title='bbox 217 2150 273 2217; x_wconf 88' lang='lat' dir='ltr'>ipse</span> <span class='ocrx_word' id='word_1_236' title='bbox 290 2149 344 2201; x_wconf 89' lang='lat' dir='ltr'>tolli</span> <span class='ocrx_word' id='word_1_237' title='bbox 363 2149 397 2201; x_wconf 90' lang='lat' dir='ltr'>dc</span> <span class='ocrx_word' id='word_1_238' title='bbox 415 2148 503 2202; x_wconf 87' lang='lat' dir='ltr'>medio</span> <span class='ocrx_word' id='word_1_239' title='bbox 521 2147 656 2216; x_wconf 75' lang='lat' dir='ltr'>nulloque³</span> <span class='ocrx_word' id='word_1_240' title='bbox 672 2148 776 2215; x_wconf 80' lang='lat' dir='ltr'>negotio</span> <span class='ocrx_word' id='word_1_241' title='bbox 795 2148 888 2216; x_wconf 88' lang='lat' dir='ltr'>potuit.</span> <span class='ocrx_word' id='word_1_242' title='bbox 925 2148 1047 2229; x_wconf 74' lang='lat' dir='ltr'>Denique</span> <span class='ocrx_word' id='word_1_243' title='bbox 1131 2199 1132 2210; x_wconf 61' lang='grc'>,</span> 
     </span>
    </p>
   </div>
   <div class='ocr_carea' id='block_1_7' title="bbox 135 2215 1132 2356">
    <p class='ocr_par' dir='ltr' id='par_1_7' title="bbox 135 2215 1132 2356">
     <span class='ocr_line' id='line_1_29' title="bbox 135 2215 1132 2287; baseline 0.004 -19"><span class='ocrx_word' id='word_1_244' title='bbox 135 2227 193 2285; x_wconf 91' lang='lat' dir='ltr'>post</span> <span class='ocrx_word' id='word_1_245' title='bbox 204 2218 324 2270; x_wconf 85' lang='lat' dir='ltr'>delatum</span> <span class='ocrx_word' id='word_1_246' title='bbox 336 2217 472 2286; x_wconf 89' lang='lat' dir='ltr'>indicium,</span> <span class='ocrx_word' id='word_1_247' title='bbox 486 2235 537 2287; x_wconf 92' lang='lat' dir='ltr'>quo</span> <span class='ocrx_word' id='word_1_248' title='bbox 555 2219 687 2287; x_wconf 90' lang='lat' dir='ltr'>periturus</span> <span class='ocrx_word' id='word_1_249' title='bbox 704 2217 796 2285; x_wconf 69' lang='lat' dir='ltr'>erant,⁹</span> <span class='ocrx_word' id='word_1_250' title='bbox 808 2215 966 2270; x_wconf 88' lang='lat' dir='ltr'>cubiculum</span> <span class='ocrx_word' id='word_1_251' title='bbox 979 2235 1046 2287; x_wconf 82' lang='lat' dir='ltr'>regis</span> <span class='ocrx_word' id='word_1_252' title='bbox 1131 2245 1132 2248; x_wconf 40' lang='lat'>¹</span> 
     </span>
     <span class='ocr_line' id='line_1_30' title="bbox 135 2285 1132 2356; baseline 0.004 -18"><span class='ocrx_word' id='word_1_253' title='bbox 135 2287 206 2338; x_wconf 85' lang='lat' dir='ltr'>solus</span> <span class='ocrx_word' id='word_1_254' title='bbox 217 2287 318 2355; x_wconf 85' lang='lat' dir='ltr'>intravi,</span> <span class='ocrx_word' id='word_1_255' title='bbox 332 2287 401 2342; x_wconf 88' lang='lat' dir='ltr'>lerro</span> <span class='ocrx_word' id='word_1_256' title='bbox 412 2288 521 2356; x_wconf 87' lang='lat' dir='ltr'>quidem</span> <span class='ocrx_word' id='word_1_257' title='bbox 534 2288 646 2340; x_wconf 88' lang='lat' dir='ltr'>cinctus.</span> <span class='ocrx_word' id='word_1_258' title='bbox 681 2286 732 2339; x_wconf 88' lang='lat' dir='ltr'>Cur</span> <span class='ocrx_word' id='word_1_259' title='bbox 743 2285 833 2339; x_wconf 84' lang='lat' dir='ltr'>distuli</span> <span class='ocrx_word' id='word_1_260' title='bbox 846 2285 971 2341; x_wconf 66' lang='lat' dir='ltr'>facinus?</span> <span class='ocrx_word' id='word_1_261' title='bbox 1006 2291 1046 2342; x_wconf 76' lang='lat' dir='ltr'>An</span> <span class='ocrx_word' id='word_1_262' title='bbox 1131 2309 1132 2341; x_wconf 64' lang='lat' dir='ltr'>t</span> 
     </span>
    </p>
   </div>
   <div class='ocr_carea' id='block_1_8' title="bbox 132 2355 1131 2504">
    <p class='ocr_par' dir='ltr' id='par_1_8' title="bbox 132 2355 1131 2504">
     <span class='ocr_line' id='line_1_31' title="bbox 134 2355 1045 2427; baseline 0.007 -21"><span class='ocrx_word' id='word_1_263' title='bbox 134 2356 192 2407; x_wconf 82' lang='lat' dir='ltr'>aine</span> <span class='ocrx_word' id='word_1_264' title='bbox 212 2356 308 2408; x_wconf 90' lang='lat' dir='ltr'>Dimno</span> <span class='ocrx_word' id='word_1_265' title='bbox 328 2371 380 2408; x_wconf 89' lang='lat' dir='ltr'>non</span> <span class='ocrx_word' id='word_1_266' title='bbox 401 2371 459 2409; x_wconf 87' lang='lat' dir='ltr'>sum</span> <span class='ocrx_word' id='word_1_267' title='bbox 479 2356 581 2409; x_wconf 77' lang='lat' dir='ltr'>aususl</span> <span class='ocrx_word' id='word_1_268' title='bbox 616 2356 664 2408; x_wconf 90' lang='lat' dir='ltr'>Ille</span> <span class='ocrx_word' id='word_1_269' title='bbox 684 2355 763 2422; x_wconf 85' lang='lat' dir='ltr'>igitur</span> <span class='ocrx_word' id='word_1_270' title='bbox 802 2356 906 2425; x_wconf 82' lang='lat' dir='ltr'>rinceps</span> <span class='ocrx_word' id='word_1_271' title='bbox 929 2357 1045 2427; x_wconf 83' lang='lat' dir='ltr'>conjura·</span> 
     </span>
     <span class='ocr_line' id='line_1_32' title="bbox 132 2423 1131 2504; baseline 0.006 -28"><span class='ocrx_word' id='word_1_272' title='bbox 132 2425 214 2476; x_wconf 86' lang='lat' dir='ltr'>tionis</span> <span class='ocrx_word' id='word_1_273' title='bbox 233 2423 301 2477; x_wconf 85' lang='lat' dir='ltr'>luit!</span> <span class='ocrx_word' id='word_1_274' title='bbox 323 2425 373 2476; x_wconf 90' lang='lat' dir='ltr'>sub</span> <span class='ocrx_word' id='word_1_275' title='bbox 392 2423 464 2477; x_wconf 89' lang='lat' dir='ltr'>illius</span> <span class='ocrx_word' id='word_1_276' title='bbox 481 2425 577 2478; x_wconf 88' lang='lat' dir='ltr'>umbra</span> <span class='ocrx_word' id='word_1_277' title='bbox 595 2424 779 2478; x_wconf 84' lang='lat' dir='ltr'>Philoteslate</span> <span class='ocrx_word' id='word_1_278' title='bbox 816 2442 850 2493; x_wconf 87' lang='lat' dir='ltr'>tn,</span> <span class='ocrx_word' id='word_1_279' title='bbox 867 2425 914 2494; x_wconf 94' lang='lat' dir='ltr'>qui</span> <span class='ocrx_word' id='word_1_280' title='bbox 935 2443 1045 2495; x_wconf 83' lang='lat' dir='ltr'>regnum</span> <span class='ocrx_word' id='word_1_281' title='bbox 1130 2495 1131 2504; x_wconf 39' lang='lat'>,</span> 
     </span>
    </p>
   </div>
   <div class='ocr_carea' id='block_1_9' title="bbox 164 2525 1131 2592">
    <p class='ocr_par' dir='ltr' id='par_1_9' title="bbox 164 2525 1131 2592">
     <span class='ocr_line' id='line_1_33' title="bbox 164 2525 1131 2592; baseline 0.005 -16"><span class='ocrx_word' id='word_1_282' title='bbox 164 2534 170 2556; x_wconf 91' lang='lat'>¹</span> <span class='ocrx_word' id='word_1_283' title='bbox 185 2527 343 2576; x_wconf 84' lang='lat' dir='ltr'>‘Dismiesed&#39;</span> <span class='ocrx_word' id='word_1_284' title='bbox 356 2527 417 2576; x_wconf 81' lang='lat' dir='ltr'>from</span> <span class='ocrx_word' id='word_1_285' title='bbox 428 2528 470 2576; x_wconf 86' lang='lat' dir='ltr'>the</span> <span class='ocrx_word' id='word_1_286' title='bbox 480 2528 543 2576; x_wconf 86' lang='lat' dir='ltr'>trial.</span> <span class='ocrx_word' id='word_1_287' title='bbox 576 2528 626 2577; x_wconf 87' lang='lat' dir='ltr'>Not</span> <span class='ocrx_word' id='word_1_288' title='bbox 638 2545 666 2576; x_wconf 88' lang='lat' dir='ltr'>so</span> <span class='ocrx_word' id='word_1_289' title='bbox 677 2528 824 2577; x_wconf 86' lang='lat' dir='ltr'>honourable</span> <span class='ocrx_word' id='word_1_290' title='bbox 835 2545 862 2577; x_wconf 86' lang='lat' dir='ltr'>as</span> <span class='ocrx_word' id='word_1_291' title='bbox 873 2545 903 2578; x_wconf 84' lang='lat' dir='ltr'>nn</span> <span class='ocrx_word' id='word_1_292' title='bbox 915 2532 1038 2591; x_wconf 84' lang='lat' dir='ltr'>acquittal.</span> <span class='ocrx_word' id='word_1_293' title='bbox 1130 2525 1131 2592; x_wconf 60' lang='lat' dir='ltr'>J</span> 
     </span>
    </p>
   </div>
   <div class='ocr_carea' id='block_1_10' title="bbox 134 2587 1131 2706">
    <p class='ocr_par' dir='ltr' id='par_1_10' title="bbox 134 2587 1131 2706">
     <span class='ocr_line' id='line_1_34' title="bbox 161 2587 1131 2652; baseline 0.005 -17"><span class='ocrx_word' id='word_1_294' title='bbox 161 2588 230 2635; x_wconf 69' lang='lat' dir='ltr'>&#39;&#39;As</span> <span class='ocrx_word' id='word_1_295' title='bbox 242 2587 253 2633; x_wconf 95' lang='lat' dir='ltr'>l</span> <span class='ocrx_word' id='word_1_296' title='bbox 266 2601 316 2635; x_wconf 83' lang='lat' dir='ltr'>was</span> <span class='ocrx_word' id='word_1_297' title='bbox 332 2587 442 2648; x_wconf 81' lang='lat' dir='ltr'>sleeping</span> <span class='ocrx_word' id='word_1_298' title='bbox 458 2603 489 2635; x_wconf 91' lang='lat' dir='ltr'>on</span> <span class='ocrx_word' id='word_1_299' title='bbox 505 2603 546 2649; x_wconf 90' lang='lat' dir='ltr'>my</span> <span class='ocrx_word' id='word_1_300' title='bbox 557 2588 732 2646; x_wconf 83' lang='lat' dir='ltr'>mislonunes,&#39;</span> <span class='ocrx_word' id='word_1_301' title='bbox 750 2587 907 2637; x_wconf 89' lang='lat' dir='ltr'>undisturbed</span> <span class='ocrx_word' id='word_1_302' title='bbox 923 2591 958 2651; x_wconf 90' lang='lat' dir='ltr'>by</span> <span class='ocrx_word' id='word_1_303' title='bbox 969 2593 1043 2647; x_wconf 87' lang='lat' dir='ltr'>them,</span> <span class='ocrx_word' id='word_1_304' title='bbox 1130 2645 1131 2652; x_wconf 10' lang='grc' dir='ltr'><strong>χ</strong></span> 
     </span>
     <span class='ocr_line' id='line_1_35' title="bbox 134 2647 1131 2706; baseline 0.003 -12"><span class='ocrx_word' id='word_1_305' title='bbox 134 2647 191 2696; x_wconf 88' lang='lat' dir='ltr'>thou</span> <span class='ocrx_word' id='word_1_306' title='bbox 211 2647 225 2694; x_wconf 93' lang='lat' dir='ltr'>h</span> <span class='ocrx_word' id='word_1_307' title='bbox 237 2647 294 2706; x_wconf 90' lang='lat' dir='ltr'>they</span> <span class='ocrx_word' id='word_1_308' title='bbox 307 2647 417 2695; x_wconf 85' lang='lat' dir='ltr'>watched</span> <span class='ocrx_word' id='word_1_309' title='bbox 428 2663 485 2696; x_wconf 83' lang='lat' dir='ltr'>over</span> <span class='ocrx_word' id='word_1_310' title='bbox 496 2663 543 2696; x_wconf 90' lang='lat' dir='ltr'>me.</span> <span class='ocrx_word' id='word_1_311' title='bbox 1130 2657 1131 2678; x_wconf 64' lang='lat'>¹</span> 
     </span>
    </p>
   </div>
   <div class='ocr_carea' id='block_1_11' title="bbox 163 2691 1131 2768">
    <p class='ocr_par' dir='ltr' id='par_1_11' title="bbox 163 2691 1131 2768">
     <span class='ocr_line' id='line_1_36' title="bbox 163 2691 1131 2768; baseline 0.003 -12"><span class='ocrx_word' id='word_1_312' title='bbox 163 2711 171 2734; x_wconf 76' lang='lat'>³</span> <span class='ocrx_word' id='word_1_313' title='bbox 214 2706 320 2756; x_wconf 84' lang='lat' dir='ltr'>esbould</span> <span class='ocrx_word' id='word_1_314' title='bbox 329 2717 415 2766; x_wconf 80' lang='lat' dir='ltr'>expect</span> <span class='ocrx_word' id='word_1_315' title='bbox 424 2705 464 2753; x_wconf 87' lang='lat' dir='ltr'>the</span> <span class='ocrx_word' id='word_1_316' title='bbox 474 2705 567 2754; x_wconf 84' lang='lat' dir='ltr'>clauses</span> <span class='ocrx_word' id='word_1_317' title='bbox 574 2707 682 2756; x_wconf 78' lang='lat' dir='ltr'>invented</span> <span class='ocrx_word' id='word_1_318' title='bbox 691 2707 760 2755; x_wconf 86' lang='lat' dir='ltr'>thus:</span> <span class='ocrx_word' id='word_1_319' title='bbox 771 2712 777 2733; x_wconf 88' lang='lat'>‘</span> <span class='ocrx_word' id='word_1_320' title='bbox 787 2706 838 2756; x_wconf 86' lang='lat' dir='ltr'>Not</span> <span class='ocrx_word' id='word_1_321' title='bbox 846 2707 904 2768; x_wconf 90' lang='lat' dir='ltr'>only</span> <span class='ocrx_word' id='word_1_322' title='bbox 910 2707 984 2758; x_wconf 88' lang='lat' dir='ltr'>when</span> <span class='ocrx_word' id='word_1_323' title='bbox 990 2709 1045 2768; x_wconf 85' lang='lat' dir='ltr'>they</span> <span class='ocrx_word' id='word_1_324' title='bbox 1130 2691 1131 2732; x_wconf 44' lang='lat' dir='ltr'>l</span> 
     </span>
    </p>
   </div>
   <div class='ocr_carea' id='block_1_12' title="bbox 134 2765 1066 2948">
    <p class='ocr_par' dir='ltr' id='par_1_12' title="bbox 134 2765 1066 2948">
     <span class='ocr_line' id='line_1_37' title="bbox 135 2765 1043 2826; baseline 0.003 -13"><span class='ocrx_word' id='word_1_325' title='bbox 135 2768 195 2814; x_wconf 82' lang='lat' dir='ltr'>hove</span> <span class='ocrx_word' id='word_1_326' title='bbox 206 2765 347 2814; x_wconf 88' lang='lat' dir='ltr'>committed</span> <span class='ocrx_word' id='word_1_327' title='bbox 359 2765 462 2822; x_wconf 81' lang='lat' dir='ltr'>murder¹</span> <span class='ocrx_word' id='word_1_328' title='bbox 476 2767 518 2813; x_wconf 90' lang='lat' dir='ltr'>but</span> <span class='ocrx_word' id='word_1_329' title='bbox 530 2781 591 2814; x_wconf 84' lang='lat' dir='ltr'>even</span> <span class='ocrx_word' id='word_1_330' title='bbox 603 2766 674 2813; x_wconf 88' lang='lat' dir='ltr'>when</span> <span class='ocrx_word' id='word_1_331' title='bbox 689 2765 747 2826; x_wconf 87' lang='lat' dir='ltr'>they</span> <span class='ocrx_word' id='word_1_332' title='bbox 758 2765 818 2814; x_wconf 86' lang='lat' dir='ltr'>have</span> <span class='ocrx_word' id='word_1_333' title='bbox 830 2765 887 2826; x_wconf 87' lang='lat' dir='ltr'>only</span> <span class='ocrx_word' id='word_1_334' title='bbox 898 2765 993 2817; x_wconf 88' lang='lat' dir='ltr'>formed</span> <span class='ocrx_word' id='word_1_335' title='bbox 1005 2769 1043 2818; x_wconf 91' lang='lat' dir='ltr'>the</span> 
     </span>
     <span class='ocr_line' id='line_1_38' title="bbox 134 2823 1066 2886; baseline 0.002 -12"><span class='ocrx_word' id='word_1_336' title='bbox 134 2826 235 2886; x_wconf 80' lang='lat' dir='ltr'>design&#39;</span> <span class='ocrx_word' id='word_1_337' title='bbox 261 2825 309 2874; x_wconf 92' lang='lat' dir='ltr'>But</span> <span class='ocrx_word' id='word_1_338' title='bbox 321 2825 339 2873; x_wconf 90' lang='lat' dir='ltr'>it</span> <span class='ocrx_word' id='word_1_339' title='bbox 351 2825 371 2872; x_wconf 88' lang='lat' dir='ltr'>is</span> <span class='ocrx_word' id='word_1_340' title='bbox 383 2841 397 2872; x_wconf 84' lang='lat' dir='ltr'>a</span> <span class='ocrx_word' id='word_1_341' title='bbox 407 2823 523 2884; x_wconf 89' lang='lat' dir='ltr'>psycholo</span> <span class='ocrx_word' id='word_1_342' title='bbox 542 2825 585 2872; x_wconf 84' lang='lat' dir='ltr'>&#39;eal</span> <span class='ocrx_word' id='word_1_343' title='bbox 594 2824 650 2880; x_wconf 82' lang='lat' dir='ltr'>fect,</span> <span class='ocrx_word' id='word_1_344' title='bbox 662 2824 713 2871; x_wconf 85' lang='lat' dir='ltr'>that</span> <span class='ocrx_word' id='word_1_345' title='bbox 725 2824 786 2872; x_wconf 86' lang='lat' dir='ltr'>alter</span> <span class='ocrx_word' id='word_1_346' title='bbox 796 2825 837 2873; x_wconf 88' lang='lat' dir='ltr'>the</span> <span class='ocrx_word' id='word_1_347' title='bbox 849 2827 1007 2876; x_wconf 87' lang='lat' dir='ltr'>commission</span> <span class='ocrx_word' id='word_1_348' title='bbox 1018 2827 1044 2876; x_wconf 86' lang='lat' dir='ltr'>ol</span> <span class='ocrx_word' id='word_1_349' title='bbox 1064 2875 1066 2880; x_wconf 79' lang='grc'>,</span> 
     </span>
     <span class='ocr_line' id='line_1_39' title="bbox 134 2883 1004 2948; baseline 0.002 -16"><span class='ocrx_word' id='word_1_350' title='bbox 134 2901 148 2932; x_wconf 88' lang='lat' dir='ltr'>a</span> <span class='ocrx_word' id='word_1_351' title='bbox 158 2885 231 2934; x_wconf 88' lang='lat' dir='ltr'>crime</span> <span class='ocrx_word' id='word_1_352' title='bbox 243 2901 299 2933; x_wconf 89' lang='lat' dir='ltr'>men</span> <span class='ocrx_word' id='word_1_353' title='bbox 309 2901 349 2933; x_wconf 89' lang='lat' dir='ltr'>are</span> <span class='ocrx_word' id='word_1_354' title='bbox 361 2899 426 2932; x_wconf 90' lang='lat' dir='ltr'>more</span> <span class='ocrx_word' id='word_1_355' title='bbox 437 2894 530 2942; x_wconf 86' lang='lat' dir='ltr'>tranqur</span> <span class='ocrx_word' id='word_1_356' title='bbox 552 2884 609 2931; x_wconf 88' lang='lat' dir='ltr'>than</span> <span class='ocrx_word' id='word_1_357' title='bbox 621 2883 691 2931; x_wconf 87' lang='lat' dir='ltr'>when</span> <span class='ocrx_word' id='word_1_358' title='bbox 702 2883 761 2943; x_wconf 89' lang='lat' dir='ltr'>they</span> <span class='ocrx_word' id='word_1_359' title='bbox 772 2899 811 2932; x_wconf 84' lang='lat' dir='ltr'>ure</span> <span class='ocrx_word' id='word_1_360' title='bbox 823 2883 968 2948; x_wconf 84' lang='lat' dir='ltr'>meditating</span> <span class='ocrx_word' id='word_1_361' title='bbox 979 2889 1004 2935; x_wconf 85' lang='lat' dir='ltr'>it.</span> 
     </span>
    </p>
   </div>
   <div class='ocr_carea' id='block_1_13' title="bbox 135 2945 1130 3120">
    <p class='ocr_par' dir='ltr' id='par_1_13' title="bbox 135 2945 1130 3120">
     <span class='ocr_line' id='line_1_40' title="bbox 162 2945 1130 3004; baseline -0.003 -13"><span class='ocrx_word' id='word_1_362' title='bbox 162 2951 170 2971; x_wconf 87' lang='lat'><strong>⁴</strong></span> <span class='ocrx_word' id='word_1_363' title='bbox 182 2945 327 3002; x_wconf 77' lang='lat' dir='ltr'>Equivalent</span> <span class='ocrx_word' id='word_1_364' title='bbox 338 2953 363 2991; x_wconf 89' lang='lat' dir='ltr'>to</span> <span class='ocrx_word' id='word_1_365' title='bbox 374 2946 416 3004; x_wconf 78' lang='lat' dir='ltr'>qui</span> <span class='ocrx_word' id='word_1_366' title='bbox 423 2960 500 2991; x_wconf 77' lang='lat' dir='ltr'>omnes</span> <span class='ocrx_word' id='word_1_367' title='bbox 510 2945 540 2990; x_wconf 83' lang='lat' dir='ltr'>im</span> <span class='ocrx_word' id='word_1_368' title='bbox 557 2945 647 2990; x_wconf 79' lang='lat' dir='ltr'>icturus</span> <span class='ocrx_word' id='word_1_369' title='bbox 656 2951 714 2996; x_wconf 80' lang='lat' dir='ltr'>erat,</span> <span class='ocrx_word' id='word_1_370' title='bbox 725 2945 802 3002; x_wconf 79' lang='lat' dir='ltr'>orqui</span> <span class='ocrx_word' id='word_1_371' title='bbox 809 2959 886 2990; x_wconf 69' lang='lat' dir='ltr'>omnes</span> <span class='ocrx_word' id='word_1_372' title='bbox 900 2945 905 2955; x_wconf 93' lang='lat'>&#39;</span> <span class='ocrx_word' id='word_1_373' title='bbox 943 2948 1043 2995; x_wconf 69' lang='lat' dir='ltr'>lecisset.</span> <span class='ocrx_word' id='word_1_374' title='bbox 1129 2985 1130 2988; x_wconf 75' lang='grc'>,</span> 
     </span>
     <span class='ocr_line' id='line_1_41' title="bbox 135 3000 1130 3070; baseline 0.002 -21"><span class='ocrx_word' id='word_1_375' title='bbox 135 3003 233 3050; x_wconf 82' lang='lat' dir='ltr'>Curtius</span> <span class='ocrx_word' id='word_1_376' title='bbox 245 3004 265 3050; x_wconf 90' lang='lat' dir='ltr'>is</span> <span class='ocrx_word' id='word_1_377' title='bbox 277 3002 333 3052; x_wconf 85' lang='lat' dir='ltr'>fond</span> <span class='ocrx_word' id='word_1_378' title='bbox 344 3003 372 3050; x_wconf 83' lang='lat' dir='ltr'>cf</span> <span class='ocrx_word' id='word_1_379' title='bbox 383 3003 455 3064; x_wconf 82' lang='lat' dir='ltr'>using</span> <span class='ocrx_word' id='word_1_380' title='bbox 471 3002 511 3050; x_wconf 89' lang='lat' dir='ltr'>the</span> <span class='ocrx_word' id='word_1_381' title='bbox 531 3012 607 3070; x_wconf 39' lang='lat' dir='ltr'>,utnre</span> <span class='ocrx_word' id='word_1_382' title='bbox 623 3000 747 3070; x_wconf 75' lang='lat' dir='ltr'>participle</span> <span class='ocrx_word' id='word_1_383' title='bbox 763 3017 790 3048; x_wconf 87' lang='lat' dir='ltr'>as</span> <span class='ocrx_word' id='word_1_384' title='bbox 807 3001 847 3049; x_wconf 92' lang='lat' dir='ltr'>the</span> <span class='ocrx_word' id='word_1_385' title='bbox 863 3017 909 3061; x_wconf 87' lang='lat' dir='ltr'>apo</span> <span class='ocrx_word' id='word_1_386' title='bbox 927 3005 977 3052; x_wconf 87' lang='lat' dir='ltr'>osis</span> <span class='ocrx_word' id='word_1_387' title='bbox 993 3005 1022 3054; x_wconf 86' lang='lat' dir='ltr'>os</span> <span class='ocrx_word' id='word_1_388' title='bbox 1031 3021 1044 3052; x_wconf 85' lang='lat' dir='ltr'>a</span> <span class='ocrx_word' id='word_1_389' title='bbox 1129 3009 1130 3046; x_wconf 73' lang='grc'><strong>1</strong></span> 
     </span>
     <span class='ocr_line' id='line_1_42' title="bbox 135 3059 1130 3120; baseline 0.004 -12"><span class='ocrx_word' id='word_1_390' title='bbox 135 3061 297 3120; x_wconf 83' lang='lat' dir='ltr'>hypotheticcl</span> <span class='ocrx_word' id='word_1_391' title='bbox 307 3073 420 3110; x_wconf 89' lang='lat' dir='ltr'>sentence</span> <span class='ocrx_word' id='word_1_392' title='bbox 428 3077 434 3120; x_wconf 89' lang='lat'><strong>;</strong></span> <span class='ocrx_word' id='word_1_393' title='bbox 448 3061 494 3109; x_wconf 88' lang='lat' dir='ltr'>and</span> <span class='ocrx_word' id='word_1_394' title='bbox 502 3060 550 3108; x_wconf 88' lang='lat' dir='ltr'>thrs</span> <span class='ocrx_word' id='word_1_395' title='bbox 559 3071 662 3118; x_wconf 78' lang='lat' dir='ltr'>practice</span> <span class='ocrx_word' id='word_1_396' title='bbox 671 3059 787 3107; x_wconf 79' lang='lat' dir='ltr'>indicates</span> <span class='ocrx_word' id='word_1_397' title='bbox 796 3076 810 3108; x_wconf 87' lang='lat' dir='ltr'>a</span> <span class='ocrx_word' id='word_1_398' title='bbox 818 3059 865 3108; x_wconf 85' lang='lat' dir='ltr'>fine</span> <span class='ocrx_word' id='word_1_399' title='bbox 873 3071 937 3110; x_wconf 79' lang='lat' dir='ltr'>tacte</span> <span class='ocrx_word' id='word_1_400' title='bbox 946 3064 972 3111; x_wconf 92' lang='lat' dir='ltr'>in</span> <span class='ocrx_word' id='word_1_401' title='bbox 980 3078 1043 3112; x_wconf 67' lang='lat' dir='ltr'>comt</span> <span class='ocrx_word' id='word_1_402' title='bbox 1129 3115 1130 3120; x_wconf 65' lang='lat'>,</span> 
     </span>
    </p>
   </div>
   <div class='ocr_carea' id='block_1_14' title="bbox 133 3121 1043 3530">
    <p class='ocr_par' dir='ltr' id='par_1_14' title="bbox 133 3121 1043 3356">
     <span class='ocr_line' id='line_1_43' title="bbox 134 3121 1043 3258; baseline 0.003 -32"><span class='ocrx_word' id='word_1_403' title='bbox 134 3121 523 3258; x_wconf 53' lang='lat' dir='ltr'>polllodhsolldndldllplhdughl&#39;</span> <span class='ocrx_word' id='word_1_404' title='bbox 534 3130 637 3238; x_wconf 69' lang='lat' dir='ltr'>lllll&#39;my</span> <span class='ocrx_word' id='word_1_405' title='bbox 648 3192 702 3224; x_wconf 88' lang='lat' dir='ltr'>ears</span> <span class='ocrx_word' id='word_1_406' title='bbox 714 3191 777 3226; x_wconf 82' lang='lat' dir='ltr'>were</span> <span class='ocrx_word' id='word_1_407' title='bbox 789 3177 866 3226; x_wconf 84' lang='lat' dir='ltr'>called</span> <span class='ocrx_word' id='word_1_408' title='bbox 878 3189 902 3228; x_wconf 87' lang='lat' dir='ltr'>to</span> <span class='ocrx_word' id='word_1_409' title='bbox 913 3181 985 3230; x_wconf 87' lang='lat' dir='ltr'>share</span> <span class='ocrx_word' id='word_1_410' title='bbox 997 3182 1043 3232; x_wconf 87' lang='lat' dir='ltr'>ina</span> 
     </span>
     <span class='ocr_line' id='line_1_44' title="bbox 133 3237 348 3356; baseline -0.005 -12"><span class='ocrx_word' id='word_1_411' title='bbox 133 3237 348 3356; x_wconf 56' lang='lat' dir='ltr'>qllalrlhlstigutcd!</span> 
     </span>
    </p>

    <p class='ocr_par' dir='ltr' id='par_1_15' title="bbox 162 3353 756 3413">
     <span class='ocr_line' id='line_1_45' title="bbox 162 3353 756 3413; baseline 0 -9"><span class='ocrx_word' id='word_1_412' title='bbox 162 3361 171 3385; x_wconf 74' lang='lat'><strong>¹</strong></span> <span class='ocrx_word' id='word_1_413' title='bbox 181 3358 219 3404; x_wconf 86' lang='lat' dir='ltr'>As</span> <span class='ocrx_word' id='word_1_414' title='bbox 230 3365 255 3402; x_wconf 87' lang='lat' dir='ltr'>to</span> <span class='ocrx_word' id='word_1_415' title='bbox 266 3353 314 3402; x_wconf 91' lang='lat' dir='ltr'>this</span> <span class='ocrx_word' id='word_1_416' title='bbox 325 3355 486 3413; x_wconf 86' lang='lat' dir='ltr'>subjunctive,</span> <span class='ocrx_word' id='word_1_417' title='bbox 499 3370 540 3402; x_wconf 88' lang='lat' dir='ltr'>see</span> <span class='ocrx_word' id='word_1_418' title='bbox 554 3353 633 3402; x_wconf 80' lang='lat' dir='ltr'>Gran.</span> <span class='ocrx_word' id='word_1_419' title='bbox 645 3353 658 3405; x_wconf 70' lang='lat' dir='ltr'>l</span> <span class='ocrx_word' id='word_1_420' title='bbox 670 3357 721 3412; x_wconf 81' lang='grc'>360,</span> <span class='ocrx_word' id='word_1_421' title='bbox 733 3359 756 3404; x_wconf 81' lang='lat' dir='ltr'>t.</span> 
     </span>
    </p>

    <p class='ocr_par' dir='ltr' id='par_1_16' title="bbox 162 3411 683 3472">
     <span class='ocr_line' id='line_1_46' title="bbox 162 3411 683 3472; baseline -0.004 -12"><span class='ocrx_word' id='word_1_422' title='bbox 162 3421 170 3444; x_wconf 85' lang='lat'><strong>¹</strong></span> <span class='ocrx_word' id='word_1_423' title='bbox 184 3414 250 3462; x_wconf 83' lang='lat' dir='ltr'>‘And</span> <span class='ocrx_word' id='word_1_424' title='bbox 261 3414 322 3467; x_wconf 83' lang='lat' dir='ltr'>that,</span> <span class='ocrx_word' id='word_1_425' title='bbox 336 3423 385 3466; x_wconf 82' lang='lat' dir='ltr'>too.</span> <span class='ocrx_word' id='word_1_426' title='bbox 398 3411 500 3460; x_wconf 83' lang='lat' dir='ltr'>without</span> <span class='ocrx_word' id='word_1_427' title='bbox 513 3427 560 3472; x_wconf 85' lang='lat' dir='ltr'>any</span> <span class='ocrx_word' id='word_1_428' title='bbox 570 3411 683 3459; x_wconf 63' lang='lat' dir='ltr'>trouble!</span> 
     </span>
    </p>

    <p class='ocr_par' dir='ltr' id='par_1_17' title="bbox 163 3468 661 3530">
     <span class='ocr_line' id='line_1_47' title="bbox 163 3468 661 3530; baseline -0.004 -12"><span class='ocrx_word' id='word_1_429' title='bbox 163 3476 172 3499; x_wconf 77' lang='lat'><strong>⁹</strong></span> <span class='ocrx_word' id='word_1_430' title='bbox 184 3471 237 3530; x_wconf 89' lang='lat' dir='ltr'>‘By</span> <span class='ocrx_word' id='word_1_431' title='bbox 248 3471 328 3520; x_wconf 83' lang='lat' dir='ltr'>which</span> <span class='ocrx_word' id='word_1_432' title='bbox 339 3468 472 3527; x_wconf 83' lang='lat' dir='ltr'>(evidence)</span> <span class='ocrx_word' id='word_1_433' title='bbox 484 3469 496 3516; x_wconf 92' lang='lat' dir='ltr'>l</span> <span class='ocrx_word' id='word_1_434' title='bbox 507 3485 557 3517; x_wconf 81' lang='lat' dir='ltr'>was</span> <span class='ocrx_word' id='word_1_435' title='bbox 569 3481 595 3518; x_wconf 92' lang='lat' dir='ltr'>tc</span> <span class='ocrx_word' id='word_1_436' title='bbox 605 3471 661 3518; x_wconf 67' lang='lat' dir='ltr'>die:</span> 
     </span>
    </p>
   </div>
   <div class='ocr_carea' id='block_1_15' title="bbox 0 0 1142 3844">
    <p class='ocr_par' dir='ltr' id='par_1_18' title="bbox 0 0 1142 3844">
     <span class='ocr_line' id='line_1_48' title="bbox 0 0 1142 3844; baseline 0 0"><span class='ocrx_word' id='word_1_437' title='bbox 0 0 1142 3844; x_wconf 95' lang='lat' dir='ltr'> </span> 
     </span>
    </p>
   </div>
  </div>
 </body>
</html>
