2322 3850
481 189 573 230 mssa
593 191 633 230 rr.
973 175 1009 230 rt

15 287 17 314 ²
95 301 131 356 sd
148 301 327 370 occidentem,
340 299 385 353 alii
402 300 547 370 Aethiopes
565 299 661 372 colunt,
675 316 741 368 quos
758 299 879 354 Scenitm
896 300 1011 351 vocent.¹

96 375 121 425 A
138 371 332 441 septemtrione
351 369 516 423 Nasamones
539 381 607 438 srrrrt,
626 387 693 437 gens
709 370 832 440 Syrtica?
847 369 1011 437 navigiorum

15 453 16 506 ξ
96 441 189 512 spoliis
201 449 365 510 quaestuosa
372 457 380 508 3
398 442 497 508 quippe
509 439 631 492 obsident
651 438 733 505 litora,
747 447 774 492 et
792 450 866 492 aestu
885 439 1012 492 destituta

15 513 17 576 ᾖ
95 511 202 584 navigia
227 511 295 563 uotis
319 509 371 561 sibi
396 511 471 562 vadis
493 519 631 578 occupant.
670 510 774 562 Incolae
798 509 920 578 nemoris,
946 525 1012 577 quos

15 583 17 644 l
96 580 273 634 Hammonios
305 589 407 647 vocant,
436 580 561 647 dispersis
591 579 701 646 tuguriis
732 577 861 648 habitant,
890 579 1011 630 inedium

15 659 16 680 ³
95 667 194 704 nemus
206 665 251 718 pro
264 666 325 700 arce
338 648 456 718 habent‚³
475 648 570 718 triplici
590 664 664 700 muro
680 647 885 700 circumdatum.
923 648 1012 700 Prima

15 715 17 778 ξ
96 719 210 774 munitio
233 727 405 788 tyrannorum
429 729 548 770 veterem
573 721 674 786 regiam
703 717 812 770 clausit:
844 718 870 770 in
893 717 1012 786 proxima

15 821 17 842 ³.
95 789 226 858 conjuges
237 804 330 840 eorum
342 805 404 840 cum
423 788 513 840 liberis
532 797 558 839 et
576 786 717 858 pellicibus
735 785 869 855 babitant5
888 787 931 840 hic
949 803 1012 866 quc-

95 876 150 929 que
162 858 207 912 dei
219 857 354 910 oraculum
368 867 424 910 est:
444 858 540 910 ultima
551 858 718 910 munimenta
736 856 880 910 satellitum
899 873 1012 924 armige-

15 935 16 992 ᾖ
96 944 239 996 rorumque
258 927 340 980 sedes
356 937 438 980 eraut.
477 928 523 980 Est
541 938 566 980 et
584 926 654 980 aliud
674 927 831 980 Hammonis
850 943 960 980 nemus:
985 931 1011 982 iu

15 1013 16 1020 ¹
96 997 187 1052 medio
205 997 287 1050 habet
305 997 407 1051 fontem
426 997 503 1068 (Solis
521 1013 618 1066 aquam
632 998 755 1066 vocentl:
775 995 825 1050 sub
842 996 911 1050 lucis
927 1008 1011 1050 ortum

95 1068 190 1138 tepida
209 1075 307 1136 manat,
327 1066 417 1119 medio
436 1066 488 1134 die,
505 1066 580 1136 cujus
600 1067 852 1120 vehementissimus
871 1075 912 1120 est
933 1067 1011 1136 calor,

15 1157 18 1214 ξ
96 1137 194 1206 frigida
218 1136 315 1190 eadem
339 1137 402 1204 fluit,
423 1137 547 1189 inclinato
572 1138 597 1189 in
623 1153 762 1206 vesperam
786 1136 904 1203 calescit,
924 1136 1013 1190 media

15 1235 17 1272 3
95 1216 177 1260 nocte
190 1205 292 1258 fervida
304 1215 451 1276 exaestuat,
464 1221 571 1274 quoque
590 1221 639 1258 nos
653 1206 759 1275 propius
771 1207 856 1274 vergit
867 1206 902 1258 ad
915 1206 1012 1273 lucem,

15 1303 17 1348 ς
98 1276 215 1330 multum
232 1292 267 1328 ex
279 1283 405 1328 nocturno
423 1273 509 1326 calore
528 1275 666 1345 decrescit,
680 1275 766 1328 donec
784 1277 834 1329 sub
853 1275 942 1345 ipsum
960 1276 1013 1328 diei

15 1357 17 1378 t
95 1355 183 1398 ortum
197 1355 305 1398 assueto
324 1354 414 1413 tepore
432 1344 605 1412 languescat.⁴
640 1345 677 1413 Id,
691 1344 760 1414 quod
774 1363 826 1414 pro
843 1345 894 1397 deo
912 1346 1012 1414 colitur,

96 1431 148 1467 non
161 1414 278 1467 eandem
291 1415 409 1482 effigiem
422 1413 510 1483 habet,
523 1429 604 1482 quam
617 1414 695 1482 vulgo
712 1413 763 1467 diis
780 1415 897 1468 artifices
909 1433 1013 1468 accom-

15 1491 17 1496 ’
95 1484 290 1538 moderemur:
309 1483 436 1537 umbilico
450 1486 567 1536 maxime
579 1484 673 1537 similis
691 1493 732 1536 est
744 1484 859 1554 habitus,
874 1487 1013 1554 smaragdo

15 1605 16 1608 ,
94 1563 124 1606 et
146 1553 266 1622 gemmis
289 1561 497 1622 coagmentatus.
517 1545 620 1623 'Hunq
641 1570 704 1607 curn
728 1570 883 1624 responsum
907 1556 1012 1624 petitur,

15 1635 17 1666 t
95 1623 204 1692 navigio
215 1631 307 1676 aurato
318 1631 423 1692 gestant
436 1621 594 1692 sacerdotes,
608 1623 699 1675 multis
716 1624 851 1692 argenteis
859 1655 861 1661 ·
869 1625 967 1694 pateris
978 1624 1014 1677 ab

15 1697 17 1700 ’
95 1703 210 1762 utroque
224 1693 322 1761 navigii
338 1692 420 1745 latere
439 1691 632 1761 pendentibus:
653 1702 798 1760 sequuntur
810 1702 945 1746 matronae
964 1698 1013 1746 rir-

15 2047 17 2100 ³.
94 2042 193 2094 Jovem
213 2041 326 2094 reddere
345 2040 489 2092 affirmans.

15 1791 16 1794 =
94 1765 237 1831 ginesque,
251 1763 334 1834 patrio
347 1778 420 1814 more
433 1761 597 1817 inconditum
609 1760 743 1830 quoddam
756 1779 864 1816 cannen
878 1773 1012 1831 canentes,

15 1861 16 1888 1
94 1849 149 1902 quo
161 1831 299 1902 propitiari
309 1834 403 1886 lovem
416 1831 534 1899 credunt,
550 1841 578 1884 ut
590 1840 692 1884 certum
705 1830 767 1884 edat
779 1835 925 1886 oraculum.

15 1909 17 1932 ¹
130 1906 174 1954 32.
195 1905 237 1955 Ac
259 1911 316 1954 tum
337 1899 446 1970 quidem
471 1917 561 1969 regem
585 1917 631 1969 pro
652 1901 692 1952 ius
715 1901 860 1954 adeuntem
880 1903 1014 1955 maximus

95 1981 160 2024 natu
174 1989 190 2022 e
204 1968 386 2024 sacerdotibus
398 1970 482 2024 filium
495 1970 620 2092 appellat,
632 1917 685 2023 boc
703 1985 801 2023 nomen
819 1971 857 2024 ittt
875 1980 1013 2040 parentem

549 2041 574 2092 le
595 2057 623 2092 se
645 2055 706 2092 vero
729 2047 756 2091 et
779 2041 965 2110 acciperetis,
987 2050 1014 2092 et

15 2103 17 2164 l
94 2125 252 2178 agrroseere,
278 2110 411 2163 humanae
436 2111 513 2161 sortis
535 2109 642 2162 oblitus.
679 2108 945 2180 consuluissemus,
970 2113 1014 2162 an⁵

15 2197 17 2220 t
96 2179 178 2231 totius
190 2179 263 2232 orbis
275 2179 415 2248 imperium
429 2179 492 2232 latis
510 2179 563 2232 sibi
573 2179 725 2232 destinaret
743 2180 838 2249 paterl
874 2184 969 2250 Aeque
988 2181 1012 2234 in

95 2247 281 2302 adulationem
305 2249 475 2318 compositus,
500 2258 626 2302 terrarum
650 2250 770 2303 omnium
802 2259 930 2304 rectorem
957 2249 1013 2303 fore

94 2319 221 2370 ostendit.
259 2319 320 2372 Post
339 2319 407 2372 baec
420 2319 512 2372 institit
525 2335 660 2388 quaerere,
674 2336 708 2372 an
726 2336 821 2374 omnes
838 2321 955 2390 parentis
973 2323 1014 2373 sui

96 2387 282 2440 interfectores
293 2405 393 2458 poenas
405 2387 549 2441 dedissent.
581 2389 709 2442 Sacerdos
717 2399 857 2460 parentem
868 2390 926 2460 ejus
934 2402 1014 2460 negat

96 2457 182 2510 ullius
202 2456 303 2537 scelere
322 2474 399 2538 posse
413 2457 509 2528 violari,
523 2458 637 2528 Philippi
650 2467 741 2512 autem
754 2475 848 2512 omnes
859 2459 941 2512 luisse
954 2477 1013 2529 sup·
1096 2481 1099 2487 ·

95 2525 193 2596 plicia:
207 2526 315 2648 adjecit,
325 2535 453 2580 invictum
468 2525 529 2597 lore,
541 2528 625 2580 donec
634 2528 777 2581 excederet
786 2527 819 2580 ad
829 2528 902 2581 deos.
933 2529 1014 2582 Sacri-

95 2597 157 2650 ficio
169 2597 232 2650 dein
253 2614 268 2648 e
281 2596 357 2664 lactc,
370 2597 439 2650 dona
451 2605 477 2650 et
490 2596 671 2655 sacerdotibus
689 2606 715 2650 et
733 2598 784 2651 deo
801 2597 863 2651 data
875 2606 942 2666 sunt,
957 2615 1013 2666 per-

96 2667 267 2734 missumque
280 2665 382 2735 amiciq
397 2675 425 2718 ut
437 2666 486 2735 ipsi
499 2666 613 2736 quoque⁸
625 2666 793 2720 consulerent
805 2667 908 2720 lovem.
940 2666 1014 2720 Nihil

95 2735 215 2804 amplius
233 2736 411 2803 quaesierunt,
425 2753 506 2805 quarn
523 2751 556 2788 an
575 2747 666 2789 auctor
678 2745 749 2790 esset
762 2737 812 2789 sibi
826 2735 922 2787 divinis
935 2734 1013 2787 hono·

96 2804 172 2857 ribus
184 2803 289 2857 colendi
305 2821 384 2857 suum
397 2805 507 2873 regeml
544 2805 600 2857 Hoc
612 2823 719 2875 quoque
731 2813 874 2874 acceptum
888 2803 942 2855 lore
955 2803 1013 2857 Jovi

95 2884 175 2926 vates
188 2873 337 2943 respondet.
374 2872 444 2926 Vera
462 2884 487 2927 et
507 2875 606 2928 salubri
624 2875 810 2928 aestimatione
828 2873 897 2925 fides
914 2875 1014 2927 oraculi

123 3027 134 3110 ζ
144 3019 256 3098 Because
267 3020 327 3081 they
337 3021 411 3071 dwelt.
421 3023 447 3069 in
457 3033 531 3078 rents,
544 3025 629 3090 esseut..
941 3083 946 3092 μ

145 3087 152 3106 ·
163 3079 287 3140 Dwelhng
298 3095 354 3129 near
365 3081 406 3128 the
419 3081 522 3142 ‘syrtes’
536 3089 662 3130 extensive
673 3079 813 3129 ssndbauks
823 3095 855 3130 on
864 3081 908 3130 the
917 3081 1012 3144 Libyan

95 3150 170 3246 colii¹
178 3200 199 3248 ie
211 3197 287 3259 really
298 3215 313 3246 a
323 3201 454 3248 mountain.

123 3263 132 3286 ¹
145 3265 151 3285 ⁴
161 3257 213 3308 Till
224 3259 243 3306 it
256 3265 290 3313 (as
301 3258 320 3307 it
330 3266 402 3312 were)
414 3262 527 3310 becomes
538 3257 618 3319 sickly
627 3259 686 3306 with
695 3260 727 3308 its
734 3259 805 3309 usual
814 3261 935 3321 ⁴tepidity.l
962 3259 1010 3308 Re·

95 3317 197 3408 gapding
208 3319 251 3365 the
263 3319 416 3378 subjunctive
429 3318 487 3386 nith
498 3322 576 3389 doces,
590 3333 631 3365 see
645 3319 724 3390 (from.
734 3319 747 3371 l
759 3321 810 3368 356.

124 3377 771 3500 .tttitdtt¹ll¹ttt.tt‘¹.lt;:t“'⁶‘”⁶''tet'’
786 3379 834 3428 ‘⁶⁶'
893 3413 894 3417 '
