<?xml version="1.0" encoding="UTF-8"?>
<!DOCTYPE html PUBLIC "-//W3C//DTD XHTML 1.0 Transitional//EN"
    "http://www.w3.org/TR/xhtml1/DTD/xhtml1-transitional.dtd">
<html xmlns="http://www.w3.org/1999/xhtml" xml:lang="en" lang="en">
 <head>
  <title>
</title>
<meta http-equiv="Content-Type" content="text/html;charset=utf-8" />
  <meta name='ocr-system' content='tesseract 3.04.00' />
  <meta name='ocr-capabilities' content='ocr_page ocr_carea ocr_par ocr_line ocrx_word'/>
</head>
<body>
  <div class='ocr_page' id='page_1' title='image "./qcurtiirufidege02rufugoog_0100.png"; bbox 0 0 2278 3846; ppageno 0'>
   <div class='ocr_carea' id='block_1_1' title="bbox 9 249 744 338">
    <p class='ocr_par' dir='ltr' id='par_1_1' title="bbox 9 249 744 338">
     <span class='ocr_line' id='line_1_1' title="bbox 9 249 744 338; baseline -0.004 -17"><span class='ocrx_word' id='word_1_1' title='bbox 9 249 11 338; x_wconf 62' lang='lat'>,³</span> <span class='ocrx_word' id='word_1_2' title='bbox 104 265 143 322; x_wconf 88' lang='grc'>90</span> <span class='ocrx_word' id='word_1_3' title='bbox 368 281 407 321; x_wconf 80' lang='lat' dir='ltr'>or</span> <span class='ocrx_word' id='word_1_4' title='bbox 431 281 537 322; x_wconf 80' lang='lat' dir='ltr'>araris</span> <span class='ocrx_word' id='word_1_5' title='bbox 559 279 744 321; x_wconf 71' lang='lat' dir='ltr'>lucrinum.</span> 
     </span>
    </p>
   </div>
   <div class='ocr_carea' id='block_1_2' title="bbox 100 381 1014 1776">
    <p class='ocr_par' dir='ltr' id='par_1_2' title="bbox 103 381 1010 805">
     <span class='ocr_line' id='line_1_2' title="bbox 104 381 1008 506; baseline -0.004 -65"><span class='ocrx_word' id='word_1_6' title='bbox 104 389 197 457; x_wconf 88' lang='lat' dir='ltr'>fronte,</span> <span class='ocrx_word' id='word_1_7' title='bbox 220 398 250 442; x_wconf 90' lang='lat' dir='ltr'>ut</span> <span class='ocrx_word' id='word_1_8' title='bbox 273 399 353 442; x_wconf 90' lang='lat' dir='ltr'>totam</span> <span class='ocrx_word' id='word_1_9' title='bbox 377 390 464 444; x_wconf 88' lang='lat' dir='ltr'>aciem</span> <span class='ocrx_word' id='word_1_10' title='bbox 488 389 561 442; x_wconf 86' lang='lat' dir='ltr'>orbe¹</span> <span class='ocrx_word' id='word_1_11' title='bbox 584 388 708 445; x_wconf 88' lang='lat' dir='ltr'>muniret.</span> <span class='ocrx_word' id='word_1_12' title='bbox 753 387 835 458; x_wconf 84' lang='lat' dir='ltr'>illyrii</span> <span class='ocrx_word' id='word_1_13' title='bbox 857 389 903 442; x_wconf 91' lang='lat' dir='ltr'>hic</span> <span class='ocrx_word' id='word_1_14' title='bbox 926 381 1008 506; x_wconf 62' lang='lat' dir='ltr'>eranq</span> 
     </span>
     <span class='ocr_line' id='line_1_3' title="bbox 103 457 999 538; baseline -0.003 -26"><span class='ocrx_word' id='word_1_15' title='bbox 103 459 228 538; x_wconf 76' lang='lat' dir='ltr'>adjuncto</span> <span class='ocrx_word' id='word_1_16' title='bbox 244 459 331 512; x_wconf 90' lang='lat' dir='ltr'>milite</span> <span class='ocrx_word' id='word_1_17' title='bbox 350 459 475 512; x_wconf 79' lang='lat' dir='ltr'>mercede</span> <span class='ocrx_word' id='word_1_18' title='bbox 497 458 634 512; x_wconf 91' lang='lat' dir='ltr'>conducto.</span> <span class='ocrx_word' id='word_1_19' title='bbox 671 457 910 528; x_wconf 28' lang='lat' dir='ltr'>Thracaslquoque</span> <span class='ocrx_word' id='word_1_20' title='bbox 930 457 999 509; x_wconf 88' lang='lat' dir='ltr'>simu</span> 
     </span>
     <span class='ocr_line' id='line_1_4' title="bbox 103 525 1009 598; baseline -0.002 -18"><span class='ocrx_word' id='word_1_21' title='bbox 103 528 237 598; x_wconf 75' lang='lat' dir='ltr'>objecerat</span> <span class='ocrx_word' id='word_1_22' title='bbox 266 528 359 581; x_wconf 86' lang='lat' dir='ltr'>leviter</span> <span class='ocrx_word' id='word_1_23' title='bbox 387 540 511 582; x_wconf 88' lang='lat' dir='ltr'>armatos.</span> <span class='ocrx_word' id='word_1_24' title='bbox 554 528 683 597; x_wconf 83' lang='lat' dir='ltr'>Adeoque</span> <span class='ocrx_word' id='word_1_25' title='bbox 714 527 803 580; x_wconf 82' lang='lat' dir='ltr'>aciem</span> <span class='ocrx_word' id='word_1_26' title='bbox 836 525 1009 579; x_wconf 81' lang='lat' dir='ltr'>versabilem²</span> 
     </span>
     <span class='ocr_line' id='line_1_5' title="bbox 103 596 1007 667; baseline -0.004 -17"><span class='ocrx_word' id='word_1_27' title='bbox 103 599 197 666; x_wconf 88' lang='lat' dir='ltr'>posuit,</span> <span class='ocrx_word' id='word_1_28' title='bbox 210 606 247 667; x_wconf 87' lang='lat' dir='ltr'>ut,</span> <span class='ocrx_word' id='word_1_29' title='bbox 260 598 306 666; x_wconf 94' lang='lat' dir='ltr'>qui</span> <span class='ocrx_word' id='word_1_30' title='bbox 317 597 403 650; x_wconf 89' lang='lat' dir='ltr'>ultimi</span> <span class='ocrx_word' id='word_1_31' title='bbox 418 597 530 666; x_wconf 85' lang='lat' dir='ltr'>stabant,</span> <span class='ocrx_word' id='word_1_32' title='bbox 544 614 577 650; x_wconf 91' lang='lat' dir='ltr'>ue</span> <span class='ocrx_word' id='word_1_33' title='bbox 597 597 805 664; x_wconf 76' lang='lat' dir='ltr'>circumirentur,</span> <span class='ocrx_word' id='word_1_34' title='bbox 820 596 888 648; x_wconf 87' lang='lat' dir='ltr'>verti</span> <span class='ocrx_word' id='word_1_35' title='bbox 908 605 1007 664; x_wconf 87' lang='lat' dir='ltr'>tamen,</span> 
     </span>
     <span class='ocr_line' id='line_1_6' title="bbox 103 666 1010 736; baseline -0.002 -18"><span class='ocrx_word' id='word_1_36' title='bbox 103 675 130 718; x_wconf 89' lang='lat' dir='ltr'>et</span> <span class='ocrx_word' id='word_1_37' title='bbox 149 667 174 719; x_wconf 93' lang='lat' dir='ltr'>iu</span> <span class='ocrx_word' id='word_1_38' title='bbox 195 666 308 720; x_wconf 88' lang='lat' dir='ltr'>frontem</span> <span class='ocrx_word' id='word_1_39' title='bbox 327 667 471 736; x_wconf 76' lang='lat' dir='ltr'>circumagi</span> <span class='ocrx_word' id='word_1_40' title='bbox 492 674 606 736; x_wconf 89' lang='lat' dir='ltr'>possent.</span> <span class='ocrx_word' id='word_1_41' title='bbox 644 667 736 734; x_wconf 90' lang='lat' dir='ltr'>ltaque</span> <span class='ocrx_word' id='word_1_42' title='bbox 756 681 807 718; x_wconf 86' lang='lat' dir='ltr'>non</span> <span class='ocrx_word' id='word_1_43' title='bbox 819 667 912 736; x_wconf 90' lang='lat' dir='ltr'>prima,</span> <span class='ocrx_word' id='word_1_44' title='bbox 927 681 1010 736; x_wconf 90' lang='lat' dir='ltr'>quarn</span> 
     </span>
     <span class='ocr_line' id='line_1_7' title="bbox 103 734 789 805; baseline 0 -19"><span class='ocrx_word' id='word_1_45' title='bbox 103 734 192 805; x_wconf 86' lang='lat' dir='ltr'>latera,</span> <span class='ocrx_word' id='word_1_46' title='bbox 205 753 257 789; x_wconf 88' lang='lat' dir='ltr'>nou</span> <span class='ocrx_word' id='word_1_47' title='bbox 269 735 352 789; x_wconf 87' lang='lat' dir='ltr'>latera</span> <span class='ocrx_word' id='word_1_48' title='bbox 364 737 504 790; x_wconf 73' lang='lat' dir='ltr'>munitiora</span> <span class='ocrx_word' id='word_1_49' title='bbox 516 736 597 804; x_wconf 89' lang='lat' dir='ltr'>fuere,</span> <span class='ocrx_word' id='word_1_50' title='bbox 612 753 692 804; x_wconf 89' lang='lat' dir='ltr'>quarn</span> <span class='ocrx_word' id='word_1_51' title='bbox 707 745 789 804; x_wconf 81' lang='lat' dir='ltr'>terga.</span> 
     </span>
    </p>

    <p class='ocr_par' dir='ltr' id='par_1_3' title="bbox 100 804 1014 1776">
     <span class='ocr_line' id='line_1_8' title="bbox 137 804 1011 876; baseline -0.001 -19"><span class='ocrx_word' id='word_1_52' title='bbox 137 811 179 857; x_wconf 83' lang='lat'>51.</span> <span class='ocrx_word' id='word_1_53' title='bbox 198 805 247 858; x_wconf 86' lang='lat' dir='ltr'>His</span> <span class='ocrx_word' id='word_1_54' title='bbox 265 806 301 858; x_wconf 89' lang='lat' dir='ltr'>ita</span> <span class='ocrx_word' id='word_1_55' title='bbox 320 805 453 874; x_wconf 89' lang='lat' dir='ltr'>ordinatis,</span> <span class='ocrx_word' id='word_1_56' title='bbox 466 805 600 876; x_wconf 86' lang='lat' dir='ltr'>praecipit,</span> <span class='ocrx_word' id='word_1_57' title='bbox 614 814 650 875; x_wconf 91' lang='lat' dir='ltr'>ut,</span> <span class='ocrx_word' id='word_1_58' title='bbox 664 805 686 857; x_wconf 83' lang='lat' dir='ltr'>ei</span> <span class='ocrx_word' id='word_1_59' title='bbox 706 804 818 857; x_wconf 86' lang='lat' dir='ltr'>falcatos</span> <span class='ocrx_word' id='word_1_60' title='bbox 837 821 928 856; x_wconf 90' lang='lat' dir='ltr'>currus</span> <span class='ocrx_word' id='word_1_61' title='bbox 948 821 1011 856; x_wconf 89' lang='lat' dir='ltr'>curn</span> 
     </span>
     <span class='ocr_line' id='line_1_9' title="bbox 102 872 1011 944; baseline 0.003 -20"><span class='ocrx_word' id='word_1_62' title='bbox 102 872 211 928; x_wconf 79' lang='lat' dir='ltr'>fremitu</span> <span class='ocrx_word' id='word_1_63' title='bbox 235 875 339 928; x_wconf 86' lang='lat' dir='ltr'>barbari</span> <span class='ocrx_word' id='word_1_64' title='bbox 356 876 516 944; x_wconf 82' lang='lat' dir='ltr'>emitterent,</span> <span class='ocrx_word' id='word_1_65' title='bbox 535 875 585 944; x_wconf 89' lang='lat' dir='ltr'>ipsi</span> <span class='ocrx_word' id='word_1_66' title='bbox 602 873 699 928; x_wconf 86' lang='lat' dir='ltr'>laxatis</span> <span class='ocrx_word' id='word_1_67' title='bbox 718 873 855 927; x_wconf 82' lang='lat' dir='ltr'>ordinibus</span> <span class='ocrx_word' id='word_1_68' title='bbox 877 873 1011 942; x_wconf 89' lang='lat' dir='ltr'>impetum</span> 
     </span>
     <span class='ocr_line' id='line_1_10' title="bbox 103 941 1012 1014; baseline -0.001 -19"><span class='ocrx_word' id='word_1_69' title='bbox 103 943 292 998; x_wconf 86' lang='lat' dir='ltr'>incurrentium</span> <span class='ocrx_word' id='word_1_70' title='bbox 321 945 425 998; x_wconf 87' lang='lat' dir='ltr'>silentio</span> <span class='ocrx_word' id='word_1_71' title='bbox 448 945 608 1014; x_wconf 87' lang='lat' dir='ltr'>exciperent,</span> <span class='ocrx_word' id='word_1_72' title='bbox 633 942 705 996; x_wconf 89' lang='lat' dir='ltr'>haud</span> <span class='ocrx_word' id='word_1_73' title='bbox 728 941 825 997; x_wconf 86' lang='lat' dir='ltr'>dubius</span> <span class='ocrx_word' id='word_1_74' title='bbox 854 942 912 994; x_wconf 92' lang='lat' dir='ltr'>sine</span> <span class='ocrx_word' id='word_1_75' title='bbox 943 959 1012 994; x_wconf 81' lang='lat' dir='ltr'>noxa</span> 
     </span>
     <span class='ocr_line' id='line_1_11' title="bbox 102 1011 1012 1084; baseline -0.001 -19"><span class='ocrx_word' id='word_1_76' title='bbox 102 1022 303 1084; x_wconf 82' lang='lat' dir='ltr'>transcursums,</span> <span class='ocrx_word' id='word_1_77' title='bbox 316 1015 429 1068; x_wconf 85' lang='lat' dir='ltr'>sinemo</span> <span class='ocrx_word' id='word_1_78' title='bbox 442 1031 471 1066; x_wconf 86' lang='lat' dir='ltr'>se</span> <span class='ocrx_word' id='word_1_79' title='bbox 483 1023 641 1084; x_wconf 89' lang='lat' dir='ltr'>opponeret:</span> <span class='ocrx_word' id='word_1_80' title='bbox 662 1013 704 1066; x_wconf 92' lang='lat' dir='ltr'>sin</span> <span class='ocrx_word' id='word_1_81' title='bbox 720 1023 812 1066; x_wconf 89' lang='lat' dir='ltr'>autem</span> <span class='ocrx_word' id='word_1_82' title='bbox 831 1013 888 1065; x_wconf 90' lang='lat' dir='ltr'>siue</span> <span class='ocrx_word' id='word_1_83' title='bbox 902 1011 1012 1064; x_wconf 82' lang='lat' dir='ltr'>fremitu</span> 
     </span>
     <span class='ocr_line' id='line_1_12' title="bbox 102 1081 1013 1152; baseline -0.001 -18"><span class='ocrx_word' id='word_1_84' title='bbox 102 1082 282 1151; x_wconf 80' lang='lat' dir='ltr'>immisissent,</span> <span class='ocrx_word' id='word_1_85' title='bbox 303 1099 350 1136; x_wconf 91' lang='lat' dir='ltr'>eos</span> <span class='ocrx_word' id='word_1_86' title='bbox 372 1083 381 1136; x_wconf 93' lang='lat' dir='ltr'>i</span> <span class='ocrx_word' id='word_1_87' title='bbox 413 1083 421 1135; x_wconf 92' lang='lat' dir='ltr'>i</span> <span class='ocrx_word' id='word_1_88' title='bbox 444 1083 558 1136; x_wconf 87' lang='lat' dir='ltr'>clamore</span> <span class='ocrx_word' id='word_1_89' title='bbox 583 1091 717 1152; x_wconf 89' lang='lat' dir='ltr'>terrerent,</span> <span class='ocrx_word' id='word_1_90' title='bbox 739 1081 903 1151; x_wconf 85' lang='lat' dir='ltr'>pavidosque</span> <span class='ocrx_word' id='word_1_91' title='bbox 927 1097 1013 1150; x_wconf 91' lang='lat' dir='ltr'>equos</span> 
     </span>
     <span class='ocr_line' id='line_1_13' title="bbox 102 1151 1012 1222; baseline 0 -18"><span class='ocrx_word' id='word_1_92' title='bbox 102 1151 163 1204; x_wconf 90' lang='lat' dir='ltr'>telis</span> <span class='ocrx_word' id='word_1_93' title='bbox 182 1155 315 1221; x_wconf 87' lang='lat' dir='ltr'>utrimque</span> <span class='ocrx_word' id='word_1_94' title='bbox 335 1169 366 1206; x_wconf 87' lang='lat' dir='ltr'>su</span> <span class='ocrx_word' id='word_1_95' title='bbox 388 1152 506 1206; x_wconf 88' lang='lat' dir='ltr'>oderent.</span> <span class='ocrx_word' id='word_1_96' title='bbox 541 1151 593 1210; x_wconf 84' lang='lat' dir='ltr'>Qui</span> <span class='ocrx_word' id='word_1_97' title='bbox 613 1152 736 1206; x_wconf 88' lang='lat' dir='ltr'>cornibus</span> <span class='ocrx_word' id='word_1_98' title='bbox 754 1158 900 1222; x_wconf 84' lang='lat' dir='ltr'>praeerant,</span> <span class='ocrx_word' id='word_1_99' title='bbox 919 1161 1012 1204; x_wconf 85' lang='lat' dir='ltr'>exten·</span> 
     </span>
     <span class='ocr_line' id='line_1_14' title="bbox 101 1219 1012 1292; baseline -0.002 -18"><span class='ocrx_word' id='word_1_100' title='bbox 101 1221 165 1274; x_wconf 89' lang='lat' dir='ltr'>dere</span> <span class='ocrx_word' id='word_1_101' title='bbox 182 1239 215 1274; x_wconf 89' lang='lat' dir='ltr'>ea</span> <span class='ocrx_word' id='word_1_102' title='bbox 231 1222 303 1292; x_wconf 85' lang='lat' dir='ltr'>jussi,</span> <span class='ocrx_word' id='word_1_103' title='bbox 317 1222 354 1274; x_wconf 85' lang='lat' dir='ltr'>ita</span> <span class='ocrx_word' id='word_1_104' title='bbox 371 1232 400 1276; x_wconf 89' lang='lat' dir='ltr'>ut</span> <span class='ocrx_word' id='word_1_105' title='bbox 417 1239 467 1274; x_wconf 93' lang='lat' dir='ltr'>nec</span> <span class='ocrx_word' id='word_1_106' title='bbox 483 1220 744 1290; x_wconf 85' lang='lat' dir='ltr'>circumvenirentur,</span> <span class='ocrx_word' id='word_1_107' title='bbox 758 1221 780 1274; x_wconf 90' lang='lat' dir='ltr'>si</span> <span class='ocrx_word' id='word_1_108' title='bbox 799 1219 891 1273; x_wconf 76' lang='lat' dir='ltr'>artius⁸</span> <span class='ocrx_word' id='word_1_109' title='bbox 903 1228 1012 1289; x_wconf 89' lang='lat' dir='ltr'>starent,</span> 
     </span>
     <span class='ocr_line' id='line_1_15' title="bbox 103 1288 1013 1359; baseline 0 -17"><span class='ocrx_word' id='word_1_110' title='bbox 103 1307 154 1343; x_wconf 90' lang='lat' dir='ltr'>nec</span> <span class='ocrx_word' id='word_1_111' title='bbox 171 1298 260 1344; x_wconf 86' lang='lat' dir='ltr'>tamen</span> <span class='ocrx_word' id='word_1_112' title='bbox 281 1291 403 1344; x_wconf 86' lang='lat' dir='ltr'>ultimam</span> <span class='ocrx_word' id='word_1_113' title='bbox 421 1291 509 1344; x_wconf 85' lang='lat' dir='ltr'>aciem</span> <span class='ocrx_word' id='word_1_114' title='bbox 531 1289 705 1344; x_wconf 80' lang='lat' dir='ltr'>exinanirent.</span> <span class='ocrx_word' id='word_1_115' title='bbox 741 1288 928 1359; x_wconf 88' lang='lat' dir='ltr'>Impedinenta</span> <span class='ocrx_word' id='word_1_116' title='bbox 948 1306 1013 1342; x_wconf 90' lang='lat' dir='ltr'>cum</span> 
     </span>
     <span class='ocr_line' id='line_1_16' title="bbox 101 1357 1011 1430; baseline -0.002 -18"><span class='ocrx_word' id='word_1_117' title='bbox 101 1360 220 1430; x_wconf 85' lang='lat' dir='ltr'>captivis,</span> <span class='ocrx_word' id='word_1_118' title='bbox 244 1360 311 1414; x_wconf 89' lang='lat' dir='ltr'>iuter</span> <span class='ocrx_word' id='word_1_119' title='bbox 334 1376 400 1428; x_wconf 90' lang='lat' dir='ltr'>quos</span> <span class='ocrx_word' id='word_1_120' title='bbox 424 1368 510 1414; x_wconf 86' lang='lat' dir='ltr'>mater</span> <span class='ocrx_word' id='word_1_121' title='bbox 532 1359 661 1428; x_wconf 89' lang='lat' dir='ltr'>liberique</span> <span class='ocrx_word' id='word_1_122' title='bbox 685 1359 763 1412; x_wconf 86' lang='lat' dir='ltr'>Darei</span> <span class='ocrx_word' id='word_1_123' title='bbox 786 1357 1011 1428; x_wconf 88' lang='lat' dir='ltr'>custodiebantur,</span> 
     </span>
     <span class='ocr_line' id='line_1_17' title="bbox 101 1427 1013 1498; baseline -0.002 -16"><span class='ocrx_word' id='word_1_124' title='bbox 101 1428 173 1482; x_wconf 86' lang='lat' dir='ltr'>haud</span> <span class='ocrx_word' id='word_1_125' title='bbox 192 1429 283 1498; x_wconf 91' lang='lat' dir='ltr'>procul</span> <span class='ocrx_word' id='word_1_126' title='bbox 302 1429 360 1480; x_wconf 90' lang='lat' dir='ltr'>acie</span> <span class='ocrx_word' id='word_1_127' title='bbox 380 1446 406 1482; x_wconf 89' lang='lat' dir='ltr'>ru</span> <span class='ocrx_word' id='word_1_128' title='bbox 424 1429 494 1482; x_wconf 91' lang='lat' dir='ltr'>edito</span> <span class='ocrx_word' id='word_1_129' title='bbox 512 1429 579 1482; x_wconf 89' lang='lat' dir='ltr'>colle</span> <span class='ocrx_word' id='word_1_130' title='bbox 597 1430 740 1498; x_wconf 90' lang='lat' dir='ltr'>constituit,</span> <span class='ocrx_word' id='word_1_131' title='bbox 758 1428 862 1482; x_wconf 91' lang='lat' dir='ltr'>modico</span> <span class='ocrx_word' id='word_1_132' title='bbox 880 1427 1013 1498; x_wconf 88' lang='lat' dir='ltr'>praesidio</span> 
     </span>
     <span class='ocr_line' id='line_1_18' title="bbox 102 1497 1012 1567; baseline 0.001 -18"><span class='ocrx_word' id='word_1_133' title='bbox 102 1497 201 1552; x_wconf 90' lang='lat' dir='ltr'>relicto.</span> <span class='ocrx_word' id='word_1_134' title='bbox 238 1498 357 1551; x_wconf 86' lang='lat' dir='ltr'>Laevum</span> <span class='ocrx_word' id='word_1_135' title='bbox 380 1514 469 1567; x_wconf 90' lang='lat' dir='ltr'>cornu,</span> <span class='ocrx_word' id='word_1_136' title='bbox 493 1499 561 1553; x_wconf 89' lang='lat' dir='ltr'>sicut</span> <span class='ocrx_word' id='word_1_137' title='bbox 583 1498 658 1567; x_wconf 89' lang='lat' dir='ltr'>alias,</span> <span class='ocrx_word' id='word_1_138' title='bbox 682 1497 849 1551; x_wconf 87' lang='lat' dir='ltr'>Parmenioni</span> <span class='ocrx_word' id='word_1_139' title='bbox 873 1497 1012 1566; x_wconf 88' lang='lat' dir='ltr'>tuendum,</span> 
     </span>
     <span class='ocr_line' id='line_1_19' title="bbox 100 1565 1013 1636; baseline -0.001 -16"><span class='ocrx_word' id='word_1_140' title='bbox 100 1567 209 1620; x_wconf 85' lang='lat' dir='ltr'>datum:</span> <span class='ocrx_word' id='word_1_141' title='bbox 229 1567 287 1636; x_wconf 87' lang='lat' dir='ltr'>ipse</span> <span class='ocrx_word' id='word_1_142' title='bbox 299 1567 326 1620; x_wconf 92' lang='lat' dir='ltr'>in</span> <span class='ocrx_word' id='word_1_143' title='bbox 339 1566 431 1620; x_wconf 79' lang='lat' dir='ltr'>dextro</span> <span class='ocrx_word' id='word_1_144' title='bbox 443 1567 539 1622; x_wconf 87' lang='lat' dir='ltr'>stabat.</span> <span class='ocrx_word' id='word_1_145' title='bbox 575 1566 701 1622; x_wconf 89' lang='lat' dir='ltr'>Nondum</span> <span class='ocrx_word' id='word_1_146' title='bbox 718 1567 752 1620; x_wconf 89' lang='lat' dir='ltr'>ad</span> <span class='ocrx_word' id='word_1_147' title='bbox 769 1565 872 1636; x_wconf 88' lang='lat' dir='ltr'>jactum</span> <span class='ocrx_word' id='word_1_148' title='bbox 890 1565 937 1619; x_wconf 89' lang='lat' dir='ltr'>teli</span> <span class='ocrx_word' id='word_1_149' title='bbox 955 1584 1013 1636; x_wconf 92' lang='lat' dir='ltr'>per-</span> 
     </span>
     <span class='ocr_line' id='line_1_20' title="bbox 101 1635 1014 1706; baseline 0.001 -18"><span class='ocrx_word' id='word_1_150' title='bbox 101 1644 236 1706; x_wconf 86' lang='lat' dir='ltr'>venerant,</span> <span class='ocrx_word' id='word_1_151' title='bbox 248 1653 310 1690; x_wconf 87' lang='lat' dir='ltr'>cum</span> <span class='ocrx_word' id='word_1_152' title='bbox 324 1636 389 1690; x_wconf 89' lang='lat' dir='ltr'>Bion</span> <span class='ocrx_word' id='word_1_153' title='bbox 400 1637 510 1705; x_wconf 88' lang='lat' dir='ltr'>quidam</span> <span class='ocrx_word' id='word_1_154' title='bbox 524 1637 666 1706; x_wconf 86' lang='lat' dir='ltr'>transfuga,</span> <span class='ocrx_word' id='word_1_155' title='bbox 680 1646 777 1706; x_wconf 87' lang='lat' dir='ltr'>quanto</span> <span class='ocrx_word' id='word_1_156' title='bbox 797 1635 916 1689; x_wconf 85' lang='lat' dir='ltr'>maximo</span> <span class='ocrx_word' id='word_1_157' title='bbox 934 1653 1014 1690; x_wconf 87' lang='lat' dir='ltr'>cursu</span> 
     </span>
     <span class='ocr_line' id='line_1_21' title="bbox 101 1705 1014 1776; baseline 0 -18"><span class='ocrx_word' id='word_1_158' title='bbox 101 1712 228 1774; x_wconf 87' lang='lat' dir='ltr'>potuerat,</span> <span class='ocrx_word' id='word_1_159' title='bbox 246 1705 281 1758; x_wconf 89' lang='lat' dir='ltr'>ad</span> <span class='ocrx_word' id='word_1_160' title='bbox 302 1722 392 1774; x_wconf 87' lang='lat' dir='ltr'>regam</span> <span class='ocrx_word' id='word_1_161' title='bbox 412 1707 546 1776; x_wconf 88' lang='lat' dir='ltr'>pervenit:</span> <span class='ocrx_word' id='word_1_162' title='bbox 572 1706 704 1774; x_wconf 87' lang='lat' dir='ltr'>nuntians,</span> <span class='ocrx_word' id='word_1_163' title='bbox 723 1707 850 1759; x_wconf 90' lang='lat' dir='ltr'>murices⁴</span> <span class='ocrx_word' id='word_1_164' title='bbox 868 1706 970 1760; x_wconf 87' lang='lat' dir='ltr'>ferreos</span> <span class='ocrx_word' id='word_1_165' title='bbox 986 1706 1014 1758; x_wconf 88' lang='lat' dir='ltr'>in</span> 
     </span>
    </p>
   </div>
   <div class='ocr_carea' id='block_1_3' title="bbox 101 1760 1125 1845">
    <p class='ocr_par' dir='ltr' id='par_1_4' title="bbox 101 1760 1125 1845">
     <span class='ocr_line' id='line_1_22' title="bbox 101 1760 1125 1845; baseline 0 -18"><span class='ocrx_word' id='word_1_166' title='bbox 101 1783 198 1828; x_wconf 84' lang='lat' dir='ltr'>terram</span> <span class='ocrx_word' id='word_1_167' title='bbox 220 1774 353 1828; x_wconf 83' lang='lat' dir='ltr'>defodisse</span> <span class='ocrx_word' id='word_1_168' title='bbox 376 1777 500 1845; x_wconf 78' lang='lat' dir='ltr'>Dareum,</span> <span class='ocrx_word' id='word_1_169' title='bbox 521 1793 576 1845; x_wconf 85' lang='lat' dir='ltr'>qua</span> <span class='ocrx_word' id='word_1_170' title='bbox 597 1773 703 1828; x_wconf 87' lang='lat' dir='ltr'>hostem</span> <span class='ocrx_word' id='word_1_171' title='bbox 726 1775 829 1844; x_wconf 89' lang='lat' dir='ltr'>equites</span> <span class='ocrx_word' id='word_1_172' title='bbox 852 1775 1013 1828; x_wconf 82' lang='lat' dir='ltr'>emissurum</span> <span class='ocrx_word' id='word_1_173' title='bbox 1071 1809 1073 1814; x_wconf 55' lang='lat'>=</span> <span class='ocrx_word' id='word_1_174' title='bbox 1124 1760 1125 1763; x_wconf 9' lang='grc' dir='ltr'><strong>Ἴ</strong></span> 
     </span>
    </p>
   </div>
   <div class='ocr_carea' id='block_1_4' title="bbox 100 1843 1028 3022">
    <p class='ocr_par' dir='ltr' id='par_1_5' title="bbox 101 1843 1013 1915">
     <span class='ocr_line' id='line_1_23' title="bbox 101 1843 1013 1915; baseline -0.001 -18"><span class='ocrx_word' id='word_1_175' title='bbox 101 1859 161 1897; x_wconf 87' lang='lat' dir='ltr'>esse</span> <span class='ocrx_word' id='word_1_176' title='bbox 173 1844 305 1914; x_wconf 85' lang='lat' dir='ltr'>credebat,</span> <span class='ocrx_word' id='word_1_177' title='bbox 318 1856 491 1915; x_wconf 87' lang='lat' dir='ltr'>notatumque</span> <span class='ocrx_word' id='word_1_178' title='bbox 503 1855 574 1898; x_wconf 88' lang='lat' dir='ltr'>certo</span> <span class='ocrx_word' id='word_1_179' title='bbox 592 1845 667 1913; x_wconf 85' lang='lat' dir='ltr'>signo</span> <span class='ocrx_word' id='word_1_180' title='bbox 685 1843 774 1898; x_wconf 88' lang='lat' dir='ltr'>locum</span> <span class='ocrx_word' id='word_1_181' title='bbox 796 1852 825 1898; x_wconf 92' lang='lat' dir='ltr'>ut</span> <span class='ocrx_word' id='word_1_182' title='bbox 835 1843 908 1897; x_wconf 87' lang='lat' dir='ltr'>fraus</span> <span class='ocrx_word' id='word_1_183' title='bbox 920 1844 1013 1896; x_wconf 85' lang='lat' dir='ltr'>evitari</span> 
     </span>
    </p>

    <p class='ocr_par' dir='ltr' id='par_1_6' title="bbox 100 1883 1012 1983">
     <span class='ocr_line' id='line_1_24' title="bbox 100 1883 1012 1983; baseline 0 -17"><span class='ocrx_word' id='word_1_184' title='bbox 100 1914 191 1967; x_wconf 83' lang='lat' dir='ltr'>esuis</span> <span class='ocrx_word' id='word_1_185' title='bbox 213 1923 311 1983; x_wconf 86' lang='lat' dir='ltr'>posset.</span> <span class='ocrx_word' id='word_1_186' title='bbox 348 1915 485 1970; x_wconf 79' lang='lat' dir='ltr'>Asservari</span> <span class='ocrx_word' id='word_1_187' title='bbox 509 1913 644 1982; x_wconf 83' lang='lat' dir='ltr'>transfuga</span> <span class='ocrx_word' id='word_1_188' title='bbox 666 1912 747 1983; x_wconf 86' lang='lat' dir='ltr'>jusso,</span> <span class='ocrx_word' id='word_1_189' title='bbox 767 1883 849 1966; x_wconf 90' lang='lat' dir='ltr'>duces</span> <span class='ocrx_word' id='word_1_190' title='bbox 869 1923 1012 1966; x_wconf 87' lang='lat' dir='ltr'>convocat:</span> 
     </span>
    </p>

    <p class='ocr_par' dir='ltr' id='par_1_7' title="bbox 101 1982 1028 2124">
     <span class='ocr_line' id='line_1_25' title="bbox 101 1982 1028 2054; baseline 0 -18"><span class='ocrx_word' id='word_1_191' title='bbox 101 1983 272 2053; x_wconf 85' lang='lat' dir='ltr'>expositoque</span> <span class='ocrx_word' id='word_1_192' title='bbox 284 1983 354 2054; x_wconf 89' lang='lat' dir='ltr'>quod</span> <span class='ocrx_word' id='word_1_193' title='bbox 373 1985 519 2038; x_wconf 89' lang='lat' dir='ltr'>nuntiatum</span> <span class='ocrx_word' id='word_1_194' title='bbox 538 1990 601 2051; x_wconf 87' lang='lat' dir='ltr'>erat,</span> <span class='ocrx_word' id='word_1_195' title='bbox 615 1992 712 2052; x_wconf 91' lang='lat' dir='ltr'>mouet,</span> <span class='ocrx_word' id='word_1_196' title='bbox 725 1991 755 2036; x_wconf 90' lang='lat' dir='ltr'>ut</span> <span class='ocrx_word' id='word_1_197' title='bbox 773 1982 908 2052; x_wconf 85' lang='lat' dir='ltr'>regionem</span> <span class='ocrx_word' id='word_1_198' title='bbox 926 1986 1028 2036; x_wconf 63' lang='lat' dir='ltr'>mone</span> 
     </span>
     <span class='ocr_line' id='line_1_26' title="bbox 102 2051 845 2124; baseline 0 -20"><span class='ocrx_word' id='word_1_199' title='bbox 102 2060 197 2106; x_wconf 86' lang='lat' dir='ltr'>trataru</span> <span class='ocrx_word' id='word_1_200' title='bbox 209 2053 352 2121; x_wconf 89' lang='lat' dir='ltr'>declinent,</span> <span class='ocrx_word' id='word_1_201' title='bbox 365 2055 543 2123; x_wconf 87' lang='lat' dir='ltr'>equitemque</span> <span class='ocrx_word' id='word_1_202' title='bbox 547 2051 694 2124; x_wconf 86' lang='lat' dir='ltr'>periculum</span> <span class='ocrx_word' id='word_1_203' title='bbox 708 2052 845 2106; x_wconf 86' lang='lat' dir='ltr'>edoceant.</span> 
     </span>
    </p>

    <p class='ocr_par' dir='ltr' id='par_1_8' title="bbox 101 2120 1015 3022">
     <span class='ocr_line' id='line_1_27' title="bbox 136 2120 1012 2192; baseline 0.001 -19"><span class='ocrx_word' id='word_1_204' title='bbox 136 2126 179 2174; x_wconf 79' lang='lat'>52.</span> <span class='ocrx_word' id='word_1_205' title='bbox 198 2123 321 2176; x_wconf 87' lang='lat' dir='ltr'>Ceterum</span> <span class='ocrx_word' id='word_1_206' title='bbox 347 2121 496 2176; x_wconf 86' lang='lat' dir='ltr'>hortantem</span> <span class='ocrx_word' id='word_1_207' title='bbox 520 2123 652 2176; x_wconf 81' lang='lat' dir='ltr'>exercitus</span> <span class='ocrx_word' id='word_1_208' title='bbox 672 2120 808 2176; x_wconf 82' lang='lat' dir='ltr'>exaudire⁵</span> <span class='ocrx_word' id='word_1_209' title='bbox 826 2137 882 2174; x_wconf 90' lang='lat' dir='ltr'>non</span> <span class='ocrx_word' id='word_1_210' title='bbox 902 2130 1012 2192; x_wconf 89' lang='lat' dir='ltr'>poterat,</span> 
     </span>
     <span class='ocr_line' id='line_1_28' title="bbox 102 2190 1013 2261; baseline 0.001 -18"><span class='ocrx_word' id='word_1_211' title='bbox 102 2207 179 2243; x_wconf 88' lang='lat' dir='ltr'>usum</span> <span class='ocrx_word' id='word_1_212' title='bbox 198 2192 302 2244; x_wconf 88' lang='lat' dir='ltr'>aurium</span> <span class='ocrx_word' id='word_1_213' title='bbox 320 2191 504 2260; x_wconf 88' lang='lat' dir='ltr'>intercipiente</span> <span class='ocrx_word' id='word_1_214' title='bbox 517 2190 624 2247; x_wconf 86' lang='lat' dir='ltr'>fremitu</span> <span class='ocrx_word' id='word_1_215' title='bbox 636 2191 747 2244; x_wconf 90' lang='lat' dir='ltr'>duorum</span> <span class='ocrx_word' id='word_1_216' title='bbox 765 2192 913 2261; x_wconf 84' lang='lat' dir='ltr'>agminum,</span> <span class='ocrx_word' id='word_1_217' title='bbox 927 2191 1013 2244; x_wconf 89' lang='lat' dir='ltr'>sedin</span> 
     </span>
     <span class='ocr_line' id='line_1_29' title="bbox 102 2259 1014 2330; baseline 0.002 -20"><span class='ocrx_word' id='word_1_218' title='bbox 102 2267 246 2327; x_wconf 88' lang='lat' dir='ltr'>conspectu</span> <span class='ocrx_word' id='word_1_219' title='bbox 258 2260 378 2314; x_wconf 89' lang='lat' dir='ltr'>omnium</span> <span class='ocrx_word' id='word_1_220' title='bbox 387 2259 471 2314; x_wconf 85' lang='lat' dir='ltr'>duces</span> <span class='ocrx_word' id='word_1_221' title='bbox 483 2269 509 2314; x_wconf 92' lang='lat' dir='ltr'>et</span> <span class='ocrx_word' id='word_1_222' title='bbox 520 2260 670 2330; x_wconf 83' lang='lat' dir='ltr'>proximum</span> <span class='ocrx_word' id='word_1_223' title='bbox 679 2277 814 2330; x_wconf 90' lang='lat' dir='ltr'>quemque</span> <span class='ocrx_word' id='word_1_224' title='bbox 825 2261 907 2314; x_wconf 89' lang='lat' dir='ltr'>intere</span> <span class='ocrx_word' id='word_1_225' title='bbox 928 2262 1014 2313; x_wconf 91' lang='lat' dir='ltr'>uitans</span> 
     </span>
     <span class='ocr_line' id='line_1_30' title="bbox 101 2278 1013 2401; baseline 0.003 -22"><span class='ocrx_word' id='word_1_226' title='bbox 101 2326 299 2396; x_wconf 81' lang='lat' dir='ltr'>alloquebatur:</span> <span class='ocrx_word' id='word_1_227' title='bbox 321 2329 447 2382; x_wconf 89' lang='lat' dir='ltr'>Emensis</span> <span class='ocrx_word' id='word_1_228' title='bbox 464 2337 501 2384; x_wconf 89' lang='lat' dir='ltr'>tor</span> <span class='ocrx_word' id='word_1_229' title='bbox 519 2339 602 2384; x_wconf 89' lang='lat' dir='ltr'>terras</span> <span class='ocrx_word' id='word_1_230' title='bbox 620 2331 646 2384; x_wconf 86' lang='lat' dir='ltr'>in</span> <span class='ocrx_word' id='word_1_231' title='bbox 665 2347 741 2399; x_wconf 89' lang='lat' dir='ltr'>spern</span> <span class='ocrx_word' id='word_1_232' title='bbox 757 2330 891 2397; x_wconf 88' lang='lat' dir='ltr'>victoriae,</span> <span class='ocrx_word' id='word_1_233' title='bbox 908 2278 942 2382; x_wconf 79' lang='lat' dir='ltr'>de</span> <span class='ocrx_word' id='word_1_234' title='bbox 961 2345 1013 2401; x_wconf 89' lang='lat' dir='ltr'>qua</span> 
     </span>
     <span class='ocr_line' id='line_1_31' title="bbox 102 2395 1012 2468; baseline 0.004 -19"><span class='ocrx_word' id='word_1_235' title='bbox 102 2395 285 2450; x_wconf 89' lang='lat' dir='ltr'>dimicandum</span> <span class='ocrx_word' id='word_1_236' title='bbox 295 2397 368 2466; x_wconf 88' lang='lat' dir='ltr'>foret,</span> <span class='ocrx_word' id='word_1_237' title='bbox 382 2397 431 2450; x_wconf 90' lang='lat' dir='ltr'>hoc</span> <span class='ocrx_word' id='word_1_238' title='bbox 445 2415 528 2452; x_wconf 91' lang='lat' dir='ltr'>unum</span> <span class='ocrx_word' id='word_1_239' title='bbox 540 2415 680 2468; x_wconf 86' lang='lat' dir='ltr'>superesse</span> <span class='ocrx_word' id='word_1_240' title='bbox 689 2399 841 2452; x_wconf 88' lang='lat' dir='ltr'>discrimen.</span> <span class='ocrx_word' id='word_1_241' title='bbox 867 2399 1012 2456; x_wconf 87' lang='lat' dir='ltr'>Granicum</span> 
     </span>
     <span class='ocr_line' id='line_1_32' title="bbox 102 2465 1013 2538; baseline 0.002 -20"><span class='ocrx_word' id='word_1_242' title='bbox 102 2465 147 2519; x_wconf 93' lang='lat' dir='ltr'>hic</span> <span class='ocrx_word' id='word_1_243' title='bbox 169 2482 286 2536; x_wconf 87' lang='lat' dir='ltr'>amnem,</span> <span class='ocrx_word' id='word_1_244' title='bbox 305 2466 465 2536; x_wconf 86' lang='lat' dir='ltr'>Ciliciaeque</span> <span class='ocrx_word' id='word_1_245' title='bbox 489 2477 608 2536; x_wconf 86' lang='lat' dir='ltr'>montes;</span> <span class='ocrx_word' id='word_1_246' title='bbox 634 2477 661 2522; x_wconf 89' lang='lat' dir='ltr'>et</span> <span class='ocrx_word' id='word_1_247' title='bbox 683 2468 787 2538; x_wconf 76' lang='lat' dir='ltr'>Syriam</span> <span class='ocrx_word' id='word_1_248' title='bbox 804 2471 1013 2538; x_wconf 77' lang='lat' dir='ltr'>Aegyptumque</span> 
     </span>
     <span class='ocr_line' id='line_1_33' title="bbox 101 2533 1012 2607; baseline 0.002 -19"><span class='ocrx_word' id='word_1_249' title='bbox 101 2533 300 2606; x_wconf 77' lang='lat' dir='ltr'>praeeuntibus⁰</span> <span class='ocrx_word' id='word_1_250' title='bbox 320 2544 415 2606; x_wconf 83' lang='lat' dir='ltr'>raptas,</span> <span class='ocrx_word' id='word_1_251' title='bbox 437 2537 555 2606; x_wconf 85' lang='lat' dir='ltr'>ingentia</span> <span class='ocrx_word' id='word_1_252' title='bbox 578 2539 635 2607; x_wconf 89' lang='lat' dir='ltr'>spei</span> <span class='ocrx_word' id='word_1_253' title='bbox 657 2538 810 2607; x_wconf 85' lang='lat' dir='ltr'>gloriaeque</span> <span class='ocrx_word' id='word_1_254' title='bbox 830 2539 1012 2606; x_wconf 84' lang='lat' dir='ltr'>incitamenta,</span> 
     </span>
     <span class='ocr_line' id='line_1_34' title="bbox 102 2604 1013 2677; baseline 0 -18"><span class='ocrx_word' id='word_1_255' title='bbox 102 2604 243 2660; x_wconf 85' lang='lat' dir='ltr'>referebat.</span> <span class='ocrx_word' id='word_1_256' title='bbox 285 2604 469 2675; x_wconf 87' lang='lat' dir='ltr'>Reprehensos</span> <span class='ocrx_word' id='word_1_257' title='bbox 495 2623 529 2660; x_wconf 83' lang='lat' dir='ltr'>ex</span> <span class='ocrx_word' id='word_1_258' title='bbox 551 2606 616 2676; x_wconf 83' lang='lat' dir='ltr'>fuga</span> <span class='ocrx_word' id='word_1_259' title='bbox 638 2607 733 2664; x_wconf 81' lang='lat' dir='ltr'>Persas</span> <span class='ocrx_word' id='word_1_260' title='bbox 755 2616 925 2677; x_wconf 81' lang='lat' dir='ltr'>pugnaturos,</span> <span class='ocrx_word' id='word_1_261' title='bbox 950 2607 1013 2676; x_wconf 90' lang='lat' dir='ltr'>quia</span> 
     </span>
     <span class='ocr_line' id='line_1_35' title="bbox 101 2675 1013 2756; baseline 0 -28"><span class='ocrx_word' id='word_1_262' title='bbox 101 2675 194 2756; x_wconf 80' lang='lat' dir='ltr'>fugere</span> <span class='ocrx_word' id='word_1_263' title='bbox 207 2691 257 2728; x_wconf 88' lang='lat' dir='ltr'>uon</span> <span class='ocrx_word' id='word_1_264' title='bbox 268 2683 386 2744; x_wconf 88' lang='lat' dir='ltr'>possent.</span> <span class='ocrx_word' id='word_1_265' title='bbox 403 2676 524 2730; x_wconf 90' lang='lat' dir='ltr'>Tertium</span> <span class='ocrx_word' id='word_1_266' title='bbox 535 2676 589 2747; x_wconf 86' lang='lat' dir='ltr'>jam</span> <span class='ocrx_word' id='word_1_267' title='bbox 600 2676 673 2730; x_wconf 90' lang='lat' dir='ltr'>diem</span> <span class='ocrx_word' id='word_1_268' title='bbox 682 2684 757 2730; x_wconf 89' lang='lat' dir='ltr'>metu</span> <span class='ocrx_word' id='word_1_269' title='bbox 765 2693 922 2747; x_wconf 83' lang='lat' dir='ltr'>exsangues,</span> <span class='ocrx_word' id='word_1_270' title='bbox 931 2678 1013 2729; x_wconf 88' lang='lat' dir='ltr'>armis</span> 
     </span>
     <span class='ocr_line' id='line_1_36' title="bbox 101 2743 1013 2815; baseline 0 -17"><span class='ocrx_word' id='word_1_271' title='bbox 101 2762 156 2798; x_wconf 83' lang='lat' dir='ltr'>aurs</span> <span class='ocrx_word' id='word_1_272' title='bbox 173 2755 294 2798; x_wconf 87' lang='lat' dir='ltr'>oneratos</span> <span class='ocrx_word' id='word_1_273' title='bbox 311 2745 337 2799; x_wconf 91' lang='lat' dir='ltr'>in</span> <span class='ocrx_word' id='word_1_274' title='bbox 356 2743 451 2798; x_wconf 88' lang='lat' dir='ltr'>eodem</span> <span class='ocrx_word' id='word_1_275' title='bbox 470 2746 581 2815; x_wconf 82' lang='lat' dir='ltr'>vestigio</span> <span class='ocrx_word' id='word_1_276' title='bbox 604 2745 723 2800; x_wconf 89' lang='lat' dir='ltr'>haerere.</span> <span class='ocrx_word' id='word_1_277' title='bbox 759 2745 871 2800; x_wconf 88' lang='lat' dir='ltr'>Nullum</span> <span class='ocrx_word' id='word_1_278' title='bbox 889 2745 1013 2815; x_wconf 89' lang='lat' dir='ltr'>despera·</span> 
     </span>
     <span class='ocr_line' id='line_1_37' title="bbox 101 2813 1013 2886; baseline 0.002 -19"><span class='ocrx_word' id='word_1_279' title='bbox 101 2815 180 2868; x_wconf 90' lang='lat' dir='ltr'>tionis</span> <span class='ocrx_word' id='word_1_280' title='bbox 196 2814 301 2868; x_wconf 89' lang='lat' dir='ltr'>illorum</span> <span class='ocrx_word' id='word_1_281' title='bbox 318 2813 407 2886; x_wconf 88' lang='lat' dir='ltr'>majus</span> <span class='ocrx_word' id='word_1_282' title='bbox 424 2813 553 2874; x_wconf 88' lang='lat' dir='ltr'>indicium</span> <span class='ocrx_word' id='word_1_283' title='bbox 571 2833 638 2884; x_wconf 86' lang='lat' dir='ltr'>esse,</span> <span class='ocrx_word' id='word_1_284' title='bbox 651 2831 733 2884; x_wconf 90' lang='lat' dir='ltr'>quam</span> <span class='ocrx_word' id='word_1_285' title='bbox 751 2815 821 2883; x_wconf 87' lang='lat' dir='ltr'>quod</span> <span class='ocrx_word' id='word_1_286' title='bbox 840 2814 928 2885; x_wconf 86' lang='lat' dir='ltr'>urbes,</span> <span class='ocrx_word' id='word_1_287' title='bbox 941 2815 1013 2886; x_wconf 88' lang='lat' dir='ltr'>quod</span> 
     </span>
     <span class='ocr_line' id='line_1_38' title="bbox 101 2883 1015 2956; baseline 0.002 -20"><span class='ocrx_word' id='word_1_288' title='bbox 101 2899 178 2952; x_wconf 82' lang='lat' dir='ltr'>agros</span> <span class='ocrx_word' id='word_1_289' title='bbox 195 2901 255 2938; x_wconf 87' lang='lat' dir='ltr'>suos</span> <span class='ocrx_word' id='word_1_290' title='bbox 272 2893 385 2955; x_wconf 88' lang='lat' dir='ltr'>urerent,</span> <span class='ocrx_word' id='word_1_291' title='bbox 399 2884 525 2956; x_wconf 71' lang='lat' dir='ltr'>quicquid</span> <span class='ocrx_word' id='word_1_292' title='bbox 543 2900 594 2938; x_wconf 87' lang='lat' dir='ltr'>non</span> <span class='ocrx_word' id='word_1_293' title='bbox 611 2884 795 2954; x_wconf 84' lang='lat' dir='ltr'>corrupissent,</span> <span class='ocrx_word' id='word_1_294' title='bbox 808 2883 925 2938; x_wconf 87' lang='lat' dir='ltr'>hostium</span> <span class='ocrx_word' id='word_1_295' title='bbox 943 2887 1015 2938; x_wconf 84' lang='lat' dir='ltr'>esse⁷</span> 
     </span>
     <span class='ocr_line' id='line_1_39' title="bbox 101 2953 1014 3022; baseline 0.002 -18"><span class='ocrx_word' id='word_1_296' title='bbox 101 2953 224 3006; x_wconf 87' lang='lat' dir='ltr'>confessi.</span> <span class='ocrx_word' id='word_1_297' title='bbox 251 2955 366 3008; x_wconf 87' lang='lat' dir='ltr'>Nomina</span> <span class='ocrx_word' id='word_1_298' title='bbox 378 2955 457 3008; x_wconf 89' lang='lat' dir='ltr'>modo</span> <span class='ocrx_word' id='word_1_299' title='bbox 469 2971 538 3007; x_wconf 87' lang='lat' dir='ltr'>vana</span> <span class='ocrx_word' id='word_1_300' title='bbox 548 2956 669 3022; x_wconf 87' lang='lat' dir='ltr'>gentium</span> <span class='ocrx_word' id='word_1_301' title='bbox 681 2954 830 3022; x_wconf 88' lang='lat' dir='ltr'>ignotarum</span> <span class='ocrx_word' id='word_1_302' title='bbox 841 2969 875 3007; x_wconf 90' lang='lat' dir='ltr'>ne</span> <span class='ocrx_word' id='word_1_303' title='bbox 887 2954 1014 3012; x_wconf 84' lang='lat' dir='ltr'>extimes·</span> 
     </span>
    </p>
   </div>
   <div class='ocr_carea' id='block_1_5' title="bbox 101 3055 1014 3586">
    <p class='ocr_par' dir='ltr' id='par_1_9' title="bbox 101 3055 1014 3586">
     <span class='ocr_line' id='line_1_40' title="bbox 131 3055 306 3104; baseline 0.011 -2"><span class='ocrx_word' id='word_1_304' title='bbox 131 3062 138 3086; x_wconf 86' lang='lat'><em>¹</em></span> <span class='ocrx_word' id='word_1_305' title='bbox 150 3055 203 3102; x_wconf 80' lang='lat' dir='ltr'>‘All</span> <span class='ocrx_word' id='word_1_306' title='bbox 213 3056 306 3104; x_wconf 66' lang='lat' dir='ltr'>round!</span> 
     </span>
     <span class='ocr_line' id='line_1_41' title="bbox 129 3113 565 3174; baseline 0.011 -15"><span class='ocrx_word' id='word_1_307' title='bbox 129 3113 305 3170; x_wconf 75' lang='lat' dir='ltr'>⁵¹Versatila‚&#39;</span> <span class='ocrx_word' id='word_1_308' title='bbox 322 3117 445 3174; x_wconf 65' lang='lat' dir='ltr'>‘mobile’</span> <span class='ocrx_word' id='word_1_309' title='bbox 461 3116 565 3166; x_wconf 74' lang='lat' dir='ltr'>‘fickle&#39;</span> 
     </span>
     <span class='ocr_line' id='line_1_42' title="bbox 130 3173 341 3234; baseline 0.009 -15"><span class='ocrx_word' id='word_1_310' title='bbox 130 3178 139 3202; x_wconf 81' lang='lat'><strong>³</strong></span> <span class='ocrx_word' id='word_1_311' title='bbox 152 3173 221 3226; x_wconf 70' lang='lat' dir='ltr'>fToo</span> <span class='ocrx_word' id='word_1_312' title='bbox 230 3173 341 3234; x_wconf 38' lang='lat' dir='ltr'>*closelyss</span> 
     </span>
     <span class='ocr_line' id='line_1_43' title="bbox 101 3231 1014 3339; baseline 0.007 -60"><span class='ocrx_word' id='word_1_313' title='bbox 101 3231 296 3339; x_wconf 43' lang='lat' dir='ltr'>hoqs‘gpiangular</span> <span class='ocrx_word' id='word_1_314' title='bbox 313 3233 402 3292; x_wconf 86' lang='lat' dir='ltr'>picces&#39;</span> <span class='ocrx_word' id='word_1_315' title='bbox 412 3234 441 3284; x_wconf 90' lang='lat' dir='ltr'>of</span> <span class='ocrx_word' id='word_1_316' title='bbox 455 3235 515 3292; x_wconf 90' lang='lat' dir='ltr'>iron,</span> <span class='ocrx_word' id='word_1_317' title='bbox 532 3233 592 3282; x_wconf 82' lang='lat' dir='ltr'>with</span> <span class='ocrx_word' id='word_1_318' title='bbox 610 3234 683 3294; x_wconf 86' lang='lat' dir='ltr'>sharp</span> <span class='ocrx_word' id='word_1_319' title='bbox 700 3233 790 3294; x_wconf 79' lang='lat' dir='ltr'>points,</span> <span class='ocrx_word' id='word_1_320' title='bbox 806 3233 844 3284; x_wconf 89' lang='lat' dir='ltr'>for</span> <span class='ocrx_word' id='word_1_321' title='bbox 862 3234 954 3297; x_wconf 79' lang='lat' dir='ltr'>laming</span> <span class='ocrx_word' id='word_1_322' title='bbox 971 3235 1014 3285; x_wconf 85' lang='lat' dir='ltr'>the</span> 
     </span>
     <span class='ocr_line' id='line_1_44' title="bbox 133 3350 1014 3422; baseline 0.01 -28"><span class='ocrx_word' id='word_1_323' title='bbox 133 3357 141 3393; x_wconf 76' lang='lat'>‚⁸</span> <span class='ocrx_word' id='word_1_324' title='bbox 153 3350 207 3422; x_wconf 61' lang='lat' dir='ltr'>‘&#39;IJo</span> <span class='ocrx_word' id='word_1_325' title='bbox 218 3350 284 3409; x_wconf 82' lang='lat' dir='ltr'>hear,</span> <span class='ocrx_word' id='word_1_326' title='bbox 297 3365 325 3398; x_wconf 89' lang='lat' dir='ltr'>so</span> <span class='ocrx_word' id='word_1_327' title='bbox 336 3365 362 3398; x_wconf 92' lang='lat' dir='ltr'>as</span> <span class='ocrx_word' id='word_1_328' title='bbox 374 3359 399 3398; x_wconf 88' lang='lat' dir='ltr'>to</span> <span class='ocrx_word' id='word_1_329' title='bbox 409 3350 572 3420; x_wconf 73' lang='lat' dir='ltr'>understand.¹</span> <span class='ocrx_word' id='word_1_330' title='bbox 606 3351 668 3400; x_wconf 85' lang='lat' dir='ltr'>This</span> <span class='ocrx_word' id='word_1_331' title='bbox 680 3352 700 3400; x_wconf 90' lang='lat' dir='ltr'>is</span> <span class='ocrx_word' id='word_1_332' title='bbox 712 3351 753 3399; x_wconf 89' lang='lat' dir='ltr'>the</span> <span class='ocrx_word' id='word_1_333' title='bbox 764 3367 849 3420; x_wconf 77' lang='lat' dir='ltr'>proper</span> <span class='ocrx_word' id='word_1_334' title='bbox 859 3354 974 3416; x_wconf 77' lang='lat' dir='ltr'>meaning</span> <span class='ocrx_word' id='word_1_335' title='bbox 984 3353 1014 3403; x_wconf 92' lang='lat' dir='ltr'>of</span> 
     </span>
     <span class='ocr_line' id='line_1_45' title="bbox 102 3408 829 3512; baseline 0.006 -56"><span class='ocrx_word' id='word_1_336' title='bbox 102 3411 221 3512; x_wconf 57' lang='lat' dir='ltr'>aqulqlare,</span> <span class='ocrx_word' id='word_1_337' title='bbox 234 3420 275 3456; x_wconf 87' lang='lat' dir='ltr'>nor</span> <span class='ocrx_word' id='word_1_338' title='bbox 286 3408 405 3496; x_wconf 68' lang='lat' dir='ltr'>themere</span> <span class='ocrx_word' id='word_1_339' title='bbox 416 3419 495 3457; x_wconf 85' lang='lat' dir='ltr'>action</span> <span class='ocrx_word' id='word_1_340' title='bbox 506 3409 534 3457; x_wconf 93' lang='lat' dir='ltr'>of</span> <span class='ocrx_word' id='word_1_341' title='bbox 546 3410 587 3477; x_wconf 76' lang='lat' dir='ltr'>tha</span> <span class='ocrx_word' id='word_1_342' title='bbox 598 3425 670 3478; x_wconf 82' lang='lat' dir='ltr'>sense</span> <span class='ocrx_word' id='word_1_343' title='bbox 681 3410 709 3459; x_wconf 87' lang='lat' dir='ltr'>of</span> <span class='ocrx_word' id='word_1_344' title='bbox 721 3410 779 3458; x_wconf 87' lang='lat' dir='ltr'>hear</span> <span class='ocrx_word' id='word_1_345' title='bbox 823 3448 829 3460; x_wconf 99' lang='lat'>.</span> 
     </span>
     <span class='ocr_line' id='line_1_46' title="bbox 130 3466 968 3586; baseline 0.01 -15"><span class='ocrx_word' id='word_1_346' title='bbox 130 3466 787 3586; x_wconf 53' lang='lat' dir='ltr'>emmerammusattiae</span> <span class='ocrx_word' id='word_1_347' title='bbox 892 3471 968 3524; x_wconf 51' lang='lat'><strong>³²⁷¹·</strong></span> 
     </span>
    </p>
   </div>
   <div class='ocr_carea' id='block_1_6' title="bbox 0 0 1144 3846">
    <p class='ocr_par' dir='ltr' id='par_1_10' title="bbox 0 0 1144 3846">
     <span class='ocr_line' id='line_1_47' title="bbox 0 0 1144 3846; baseline 0 0"><span class='ocrx_word' id='word_1_348' title='bbox 0 0 1144 3846; x_wconf 95' lang='lat' dir='ltr'> </span> 
     </span>
    </p>
   </div>
   <div class='ocr_carea' id='block_1_7' title="bbox 1137 2053 1139 2732">
    <p class='ocr_par' dir='ltr' id='par_1_11' title="bbox 1137 2053 1139 2732">
     <span class='ocr_line' id='line_1_48' title="bbox 1137 2053 1139 2732; baseline 0 0"><span class='ocrx_word' id='word_1_349' title='bbox 1137 2053 1139 2732; x_wconf 95' lang='lat' dir='ltr'> </span> 
     </span>
    </p>
   </div>
  </div>
 </body>
</html>
