2294 3842
497 231 589 270 ursan
609 231 639 270 x.
964 211 1022 268 826

104 351 276 408 quamquam
293 337 329 390 ab
346 337 497 392 auctoribus
514 338 610 392 tradita
627 348 675 407 est,
689 355 787 400 uanam
799 337 882 392 fuiaae
895 335 1022 406 competi·

103 423 180 459 mtts.
199 435 202 442 ·
220 407 371 477 thuidem
385 425 447 461 snas
457 411 570 477 quisque
581 425 653 476 opes,
666 407 758 462 divisis
776 407 880 477 imperii
897 405 1021 476 partibus,

104 476 269 530 tuebantur:
288 493 355 546 quas
372 478 422 547 ipsi
441 477 624 544 fundaverant,
643 478 665 530 si
685 495 720 530 un
742 495 803 530 narn
824 475 952 530 adversus
972 474 1021 530 irn-

105 546 233 600 modicaa
255 547 413 614 cupiditates
436 547 564 600 terminus
590 549 689 599 staret¹
722 495 829 615 Quippe
856 546 935 614 paulo
960 553 1023 598 ante

106 616 183 684 regis
203 616 324 683 ministri,
344 618 433 684 specie
454 616 559 686 imperii
579 615 659 668 alieni
686 613 850 686 procurandi,
870 613 966 681 singuli
987 614 1023 666 in·

106 685 203 752 gentio
224 685 373 738 invaserant
394 702 482 754 regna,
495 684 606 738 sublatis
622 685 800 740 certaminum
812 684 908 743 causis,
922 701 984 736 curn
997 692 1025 736 et

106 770 206 806 omnes
218 753 340 824 ejusdem
357 757 444 823 gentis
454 763 552 822 essent,
566 764 593 806 et
605 771 621 806 a
633 756 730 808 ceteris
741 755 781 806 sni
794 753 906 822 quisque
920 752 1025 821 imperii

108 823 222 892 regione
239 824 354 876 disereti.
391 824 442 877 Sed
460 823 570 877 difficile
589 833 646 876 erat
665 842 696 876 eo
717 830 855 876 contentos
872 837 941 888 ease,
954 822 1023 889 quud

108 892 246 971 obtulerat
263 894 381 946 occasio:
398 894 499 962 qnippe
520 893 626 946 sordent
647 895 732 962 prima
750 907 881 962 quaeque,
894 907 956 942 cnm
970 907 1024 944 rna·

107 977 167 1032 yora
179 972 326 1032 sperantur.
363 963 457 1032 ltaque
475 964 600 1016 omnibus
611 962 764 1031 expeditius
776 959 915 1014 videbatur
926 976 1025 1028 augere

109 1047 203 1101 regna,
216 1049 297 1100 quam
311 1031 406 1085 suisset
418 1031 550 1101 accipere.

146 1105 191 1153 31.
209 1101 344 1170 Septimus
355 1102 414 1154 dies
426 1111 490 1170 erat,
501 1118 535 1153 ax
543 1117 595 1171 quo
605 1116 700 1168 eorpus
711 1098 782 1168 regis
793 1097 899 1168 jacebat
912 1097 938 1150 in
951 1095 1024 1167 solio,

109 1171 185 1222 curis
202 1171 321 1223 omniurn
339 1171 373 1224 ad
393 1171 561 1224 formandum
586 1169 724 1238 publicum
749 1178 848 1221 statum
866 1183 882 1218 a
901 1175 955 1218 tam
975 1167 1025 1220 sol·

109 1238 197 1292 lemni
216 1257 326 1292 munere
343 1242 452 1294 aversis.
490 1241 524 1292 Et
536 1257 587 1292 non
598 1239 658 1290 aliis
669 1255 749 1308 quarn
763 1237 974 1306 Mesopotamiae
986 1253 1025 1288 re·

109 1308 191 1388 gone
200 1309 323 1362 fervidior
330 1318 421 1362 aestua
433 1309 541 1378 artistit,2
552 1307 620 1361 adeo
632 1317 661 1362 nt
674 1309 799 1377 pleraque
811 1306 946 1374 animalia,
955 1321 1025 1374 quae

109 1395 141 1431 ln
159 1378 231 1430 nudo
244 1379 298 1430 solo
310 1378 492 1448 deprehendit,
505 1379 642 1445 extinguat
650 1395 658 1446 ;
677 1386 768 1430 tantus
777 1385 818 1428 est
830 1391 910 1443 vapor
923 1374 987 1426 solis
998 1383 1025 1428 et

111 1447 189 1516 coeli,
209 1464 262 1516 quo
280 1458 376 1500 cuncta
391 1449 465 1500 velut
483 1449 544 1514 igne
562 1456 699 1499 torrentur.
736 1447 834 1512 Fontes
851 1461 980 1512 aquarum
999 1452 1026 1496 et

112 1516 166 1570 rari
185 1526 254 1586 sunt,
273 1527 300 1569 et
321 1515 493 1570 incolentium
512 1516 605 1568 fraude
622 1517 758 1584 celantur,
778 1514 844 1584 ipsis
861 1530 925 1566 usus
942 1522 1024 1592 patet,

112 1586 222 1654 ignotus
241 1595 282 1639 ast
302 1586 420 1639 advenis.
456 1585 491 1640 Ut
515 1585 623 1638 tandem
643 1603 736 1638 curare
756 1601 850 1653 corpus
872 1599 1026 1636 exanimum

57 1684 63 1700 ι
112 1656 211 1709 amicis
223 1657 336 1724 vacavit,
350 1655 422 1708 nulla
433 1655 503 1723 tabe,
517 1671 551 1706 ne
569 1655 679 1707 minimo
693 1654 803 1724 quidem
822 1653 906 1704 livore
922 1669 1027 1720 corrup-

114 1733 172 1778 tum
193 1724 284 1777 videre
322 1726 347 1777 ui
371 1724 539 1777 intraverant.
577 1724 656 1792 Vigor
674 1740 786 1792 quoque,
806 1722 850 1790 qui
871 1730 973 1774 constat
993 1737 1028 1773 ex

114 1795 216 1864 spiritu,
235 1810 287 1847 non
303 1743 461 1846 bestituerat
479 1792 592 1845 vultum.
628 1793 723 1863 Itaque
742 1790 869 1860 Aegyptii
887 1790 1026 1844 Chaldaei-

114 1880 176 1933 que,
188 1863 255 1932 jussi
273 1880 368 1932 corpus
385 1879 433 1915 etto
451 1878 524 1914 more
542 1879 642 1929 curare,
656 1861 740 1931 primo
758 1876 809 1913 non
828 1867 888 1912 sunt
906 1859 964 1911 ausi
981 1856 1028 1910 ad-

114 1948 225 1986 movere
238 1933 310 1985 velut
332 1931 439 2001 spiranti
460 1947 571 1984 manns:
593 1930 690 1984 deinde
709 1929 817 1999 precati,
832 1937 860 1980 ut
878 1926 920 1996 jus
932 1927 1027 1996 sasque

116 2011 189 2054 esset
206 2001 363 2054 mortalibus
375 2009 515 2053 attrectare
528 2017 599 2068 eum,
613 2015 758 2068 purgavere
770 2014 871 2075 corpus,
886 2013 912 2048 re
933 1996 1027 2048 letum·

116 2087 170 2140 quc
190 2078 231 2122 est
249 2071 374 2124 odoribus
391 2087 501 2122 aureum
520 2068 622 2135 solium,
636 2077 663 2120 et
681 2067 761 2136 capiti
781 2065 888 2135 adyecta
907 2014 1028 2117 tllrtunae

116 2139 176 2192 e‘us
197 2140 331 2208 insignia.³
366 2139 476 2192 Veneno
500 2147 625 2190 necatum
650 2153 710 2188 asae
730 2135 867 2188 credidere
893 2134 1028 2203 plerique,

117 2157 203 2263 filium
222 2209 353 2278 Antipatri
372 2209 441 2260 inter
453 2208 593 2274 ministros,
607 2205 704 2258 Jollam
722 2205 836 2270 nomine,
856 2205 936 2273 patris
952 2202 1029 2273 jussu

116 2277 234 2331 dedisse.
271 2278 355 2348 Saepe
367 2286 440 2330 certe
458 2276 549 2328 audita
563 2282 620 2326 erat
631 2293 682 2327 vox
694 2273 847 2339 Alexandri,
862 2273 1028 2342 Antipatrum

117 2348 219 2416 regium
233 2347 360 2400 affectare
371 2346 513 2413 fastigium,
524 2343 705 2413 majoremque
714 2360 774 2396 esse
787 2341 913 2413 praelecti
926 2341 1027 2412 opibus,

117 2434 150 2470 ac
169 2417 246 2470 titulo
264 2417 407 2485 Spartanae
421 2415 546 2466 victoriae
565 2413 693 2482 inflatum,
706 2413 796 2466 omnia
808 2428 824 2464 a
836 2428 865 2464 se
878 2411 940 2464 data
957 2427 1029 2464 asse·

118 2495 222 2540 rentem
249 2486 320 2539 sihi.⁴
362 2483 511 2538 Credebant
541 2481 632 2551 etiarn,
657 2483 795 2536 Craterum
823 2498 884 2533 curn
910 2490 1028 2533 veterum

117 2555 234 2610 militum
247 2571 328 2607 manu
345 2553 379 2606 ad
399 2552 614 2606 interficiendum
627 2569 690 2604 eum
703 2553 824 2604 missum.
861 2550 921 2604 Vim
939 2559 1029 2602 autem

118 2625 224 2693 veneni,
238 2624 309 2694 quod
328 2625 354 2676 in
372 2622 534 2675 Macedonia
551 2621 675 2689 gignitur,
694 2620 775 2673 talem
793 2636 854 2672 esse
872 2625 982 2687 constat,
1000 2626 1030 2669 ut

148 2724 249 2822 ¹‘Every
258 2777 303 2810 one
315 2777 369 2809 now
380 2757 525 2808 maintained
536 2757 573 2804 his
584 2772 639 2804 own
650 2772 746 2816 power;
760 2757 818 2817 they
826 2756 872 2804 had
882 2755 1029 2806 established

119 2823 137 2871 it
148 2821 219 2870 throu
239 2821 253 2869 h
265 2819 421 2873 themselves,
432 2827 474 2866 not
485 2819 517 2876 by
526 2815 689 2864 Alexander’s
699 2814 757 2870 will,
770 2815 791 2862 tf
797 2831 854 2863 ever
865 2815 932 2863 there
943 2814 1031 2865 should

17 2919 25 2941 ,
119 2881 208 2929 hefixe
237 2879 322 2927 alimit
334 2879 427 2938 against
438 2875 595 2924 immoderate
604 2873 703 2922 desirea.
729 2873 798 2922 ‘The
825 2873 871 2922 had
882 2873 1031 2923 established

120 2941 137 3008 it
146 2941 163 2998 ;’
176 2940 229 2988 that
241 2940 270 2994 is,
282 2938 329 3007 this
342 2936 413 3005 much
425 2934 472 3004 bad
483 2936 544 3002 been
556 2933 626 2987 done,
639 2932 686 2980 and
697 2933 715 2980 it
726 2932 790 2980 woul
819 2934 879 2981 heve
891 2933 1028 2990 continued,

120 2999 144 3046 rs.
177 2999 327 3058 Respectrng
337 2996 385 3044 this
397 2994 534 3048 indicative,
547 3007 587 3039 see
600 2991 697 3050 Zumpt,
711 2991 725 3042 l
736 2995 788 3047 519,
801 2995 822 3039 6.

148 3072 242 3120 '‘The
262 3071 318 3120 hest
334 3069 392 3118 does
408 3077 450 3115 not
466 3068 566 3114 become
582 3081 649 3114 more
665 3066 769 3126 burning
784 3066 809 3114 in
824 3066 894 3116 other
909 3067 1031 3116 countries

121 3133 178 3181 than
194 3132 219 3179 in
235 3126 437 3188 Mesopotamia3'
450 3125 543 3180 thetis,
557 3123 598 3171 the
615 3126 670 3172 heat
686 3125 707 3172 is
723 3124 877 3186 particularly
888 3125 991 3186 buming
1006 3126 1031 3174 in

122 3189 307 3248 Mesopotamia,
317 3203 344 3234 or
353 3187 414 3234 rises
424 3194 448 3232 to
459 3184 525 3244 quite
536 3199 566 3231 an
576 3183 679 3232 unusual
690 3182 782 3244 height.

150 3269 159 3293 ⁸
171 3260 276 3312 ‘Placed
287 3276 319 3311 on
329 3259 367 3307 his
377 3257 449 3326 head,
462 3273 488 3304 aa
500 3256 540 3304 the
552 3255 606 3316 sign
616 3256 644 3304 ol
650 3256 688 3304 his
699 3257 760 3306 rank
771 3256 820 3313 (the
831 3256 899 3318 royal
908 3257 1029 3320 dignity);'

122 3320 228 3381 narnely,
242 3336 256 3368 a
266 3317 354 3380 golden
364 3315 468 3365 diadem.

151 3400 159 3423 t
168 3393 220 3442 gyf
229 3407 341 3447 merere,
356 3394 396 3438 ‘to
406 3385 556 3447 appropriate
566 3394 592 3434 to
602 3387 671 3435 ona's
682 3386 744 3436 sels!
