2278 3846
136 242 176 300 88
403 260 443 302 ns
466 261 573 302 casura
595 261 779 302 stannum.

133 375 171 422 tot
189 367 293 422 milium
312 369 395 425 etiam
413 369 504 440 procul
523 369 649 424 stantium
668 386 747 422 aures
766 367 933 439 impleverat.
971 365 1048 422 Flue-

133 437 202 492 tuari
224 437 313 492 animo
337 456 390 509 rex,
414 447 448 504 et,
465 438 544 492 modo
566 456 652 508 suurn,
678 438 756 492 rnodo
780 439 963 492 Parmenionis
986 455 1049 490 con·

134 506 221 561 silium
234 510 303 561 sera¹
314 509 500 562 aestimatione
512 509 684 579 perpendere,
697 508 742 577 qui
763 525 796 578 pe
807 525 840 561 eo
853 518 963 560 rantum
982 515 1047 576 erat,

132 575 204 630 unde
217 577 298 657 recipi
309 579 449 647 exercitus,
463 578 512 632 nisi
524 579 613 645 victor,
626 579 682 632 sine
698 578 722 631 ol
760 595 775 630 e
793 595 844 632 nou
863 586 960 648 posset.
997 577 1049 629 lta·

132 661 193 714 que,
218 645 383 702 dissrmulato
406 657 488 717 metu,
513 648 704 700 mercenarium
729 649 847 717 equitem
874 664 908 700 ex
931 646 1050 700 Paeonia

132 715 292 796 praecedere
309 717 393 788 jubet.
430 717 489 788 lpse
507 715 675 787 phalangem,
694 717 762 770 sicut
779 727 859 770 antea
876 717 980 770 dictum
998 725 1048 785 est,

132 801 160 838 ut
171 784 223 838 duo
235 801 333 840 cornua
344 785 517 840 extenderat:
537 795 679 856 utrumque
696 803 776 839 cornu
789 787 894 856 equites
912 786 1049 856 tegebant.
1136 793 1137 800 ’

132 853 247 923 Jamque
265 855 371 910 nitidior
382 856 435 926 lux,
448 855 568 908 discussa
585 855 708 924 caligine,
720 856 809 909 aciem
826 855 942 908 hostium
960 865 1050 908 osten·
1135 895 1137 912 2

133 921 216 992 derat,
230 932 257 978 et
269 925 440 994 Macedones,
454 925 511 978 sive
522 923 667 994 alacritate,
678 925 733 978 sive
746 923 833 978 taedio
845 943 861 978 e
931 924 1048 992 tationis,
1136 969 1137 994 ,

133 993 270 1115 ingentem
282 995 455 1065 pugnantium
467 1010 540 1048 more
558 993 667 1047 edidere
684 994 838 1048 clamorem.
932 995 1004 1048 ditus
1022 1002 1050 1048 et

132 1078 149 1115 a
183 1064 256 1134 ersis,
270 1081 378 1119 nemora
390 1063 528 1133 vallesque
546 1063 731 1132 circumjectas
748 1063 859 1117 terribili
877 1080 940 1117 sono
953 1064 1050 1133 imple-

132 1141 215 1186 verat.
251 1133 310 1188 Nec
327 1133 383 1203 jam
403 1133 530 1188 contineri
550 1133 716 1188 Macedones
770 1140 862 1202 terant,
883 1134 948 1203 quin
968 1150 1049 1188 cursu

132 1217 239 1271 quoque
262 1201 297 1256 ad
317 1202 422 1258 hostem
445 1202 644 1256 contenderent.
687 1201 789 1256 Maius
812 1202 902 1256 adhuc
924 1210 998 1256 ratus
1021 1203 1050 1258 in

133 1271 230 1325 eodem
242 1271 344 1326 tumulo
355 1281 442 1326 castra
459 1271 563 1326 munire
584 1271 686 1326 vallum
701 1272 754 1342 jaci
770 1270 866 1342 jussit:
886 1278 1050 1342 strenueque

132 1354 213 1411 opere
230 1339 357 1412 perlecto,
370 1342 396 1395 in
414 1342 559 1396 tabernacu
571 1359 625 1412 um,
643 1359 678 1396 ex
694 1357 747 1412 qno
764 1351 820 1395 tota
836 1341 911 1396 acies
929 1340 1050 1396 hostium

133 1409 352 1481 conspiciebatur,
365 1411 500 1466 successit.

168 1485 211 1533 47,
229 1479 300 1534 Tum
318 1495 380 1534 raro
396 1480 521 1534 universa
539 1480 618 1536 luturi
636 1479 797 1534 discriminis
814 1479 900 1534 sanies
917 1479 942 1533 in
963 1481 1050 1536 oculis

133 1557 206 1602 erat:
229 1549 312 1604 armis
333 1549 480 1618 insignibus
498 1550 560 1630 equi
579 1549 682 1620 virique
706 1550 891 1621 splendebant,
911 1559 938 1602 et
958 1552 1050 1606 omnia

133 1617 272 1672 intentiore
295 1634 359 1672 cura
382 1635 532 1690 praepararr
559 1619 629 1689 apud
659 1617 771 1690 hostem,
796 1619 946 1674 sollicitudo
976 1637 1049 1691 prae·

134 1695 220 1743 torum
236 1687 343 1768 agmina
361 1706 409 1742 sua
426 1689 668 1759 interequitantium
685 1689 850 1759 ostendebat,
869 1704 902 1742 ac
919 1690 1049 1760 pleraque

134 1757 230 1838 inania,
244 1765 313 1812 sicut
330 1758 452 1813 fremitus
468 1758 613 1829 hominum,
625 1775 755 1828 equorum
773 1759 898 1828 hinnitus,
911 1777 1049 1816 armorum
1089 1817 1091 1820 ,

134 1827 342 1883 internitentium
362 1827 454 1898 fulgor,
474 1827 586 1882 sollicita
605 1830 789 1898 expectatione
813 1837 934 1883 mentem
960 1829 1050 1883 turba·

134 1906 235 1950 verant.
271 1897 353 1968 Igitur
371 1899 427 1953 sive
444 1898 543 1952 dubius
559 1897 663 1966 animi,¹
680 1898 736 1951 sive
754 1907 783 1952 ut
801 1915 863 1954 suos
874 1901 1047 1969 experiretur,

134 1967 271 2022 consilium
295 1967 413 2048 adhibet,
437 1967 501 2038 quid
531 1967 663 2037 optimum
691 1966 765 2024 fectu
789 1976 869 2037 esset,
894 1970 1047 2038 exquirens.

135 2035 282 2107 Parmenio,
301 2037 476 2107 peritissrmus
494 2037 560 2091 inter
578 2035 662 2090 duces
680 2038 776 2091 artium
794 2037 879 2106 helli,⁸
896 2036 976 2107 furto,
996 2056 1047 2092 non

154 2107 259 2161 roelioo
280 2123 310 2162 us
322 2123 381 2162 esse
394 2107 536 2165 censebat:
555 2107 716 2176 intempesta
733 2109 821 2162 nocte⁴
838 2107 953 2178 opprimi
970 2125 1049 2178 posse

133 2125 241 2230 hostes:
254 2124 390 2231 discordes
401 2176 526 2246 moribus,
539 2175 643 2244 linguis,
653 2175 687 2228 ad
701 2175 750 2229 hoo
759 2193 851 2230 somno
864 2184 891 2230 et
904 2177 1048 2256 improviso

134 2246 252 2316 periculo
271 2247 379 2315 territos,
398 2245 503 2315 quando
523 2246 551 2298 in
570 2255 698 2299 nocturna
719 2246 892 2316 trepidatione
910 2247 1048 2304 coiturosl

134 2317 171 2368 At
191 2315 304 2370 interdiu
324 2316 441 2384 primum
461 2313 591 2368 terribiles
611 2332 766 2369 occursuras
783 2314 870 2370 facies
886 2313 1048 2386 Scytharum

134 2384 399 2454 Bactrianorumque:
419 2383 487 2439 hirta
499 2384 552 2437 illis
563 2399 608 2437 ore
620 2393 647 2437 et
658 2386 777 2438 intonsas
787 2401 879 2438 comas
891 2402 961 2454 asse,
973 2403 1047 2456 pras·

134 2463 208 2508 terea
220 2453 348 2508 eximiam
360 2456 506 2508 vastomm⁶
517 2453 729 2533 magnitudinem
742 2469 889 2524 corporum.
925 2455 1048 2509 Vaniset
1133 2453 1134 2468 ¹

134 2523 268 2577 inanibns⁸
278 2522 394 2578 militem
406 2525 490 2593 magis
501 2541 584 2596 quam
594 2523 674 2594 Justis
683 2522 829 2576 formidinis
838 2523 928 2577 causis
936 2526 1047 2579 moveri.

163 2677 234 2728 ¹Not
245 2678 337 2739 merely
350 2677 432 2734 'lata’
445 2679 487 2727 but
501 2683 559 2726 ‘too
570 2677 635 2726 lata)
668 2677 724 2725 The
740 2676 884 2737 descriptiva
895 2677 1017 2729 infinitiva
1028 2681 1048 2729 ie
1132 2661 1133 2700 l

132 2753 192 2799 very
199 2737 376 2799 appropriately
383 2737 511 2798 employed
522 2736 579 2786 hare
590 2745 616 2786 to
627 2751 726 2797 express
736 2735 777 2786 the
785 2737 915 2786 continued
923 2739 1049 2790 condition
1132 2735 1133 2746 ¹

132 2798 161 2847 os
172 2798 213 2846 the
225 2797 306 2859 hing’s
317 2797 391 2846 mind.

161 2857 431 2906 'Poeticalsornninro
464 2855 511 2904 See
523 2856 621 2914 Zumpt,
635 2854 710 2906 §437-
1130 2883 1131 2892 κ

161 2917 230 2966 ’sn
241 2919 303 2973 belli,
315 2916 355 2964 the
367 2927 403 2966 art
414 2914 442 2965 os
448 2930 513 2973 wer3
529 2924 593 2964 artas
604 2916 666 2969 balli,
676 2912 774 2962 devices
785 2913 882 2983 inwarr
893 2916 995 2977 fartam
1005 2917 1046 2966 de·
1130 2955 1131 2958 ,

132 2987 202 3024 notes
213 2991 227 3023 a
238 2975 300 3024 triclr
310 2975 410 3024 derised
420 2973 480 3022 with
491 2974 604 3034 cunning,
616 2971 661 3022 and
673 2971 808 3032 performed
819 2972 879 3022 rrrtb
890 2989 1003 3037 secrecy.

160 3033 234 3082 ‘Noa
244 3036 315 3083 interr
365 3052 380 3085 o
395 3035 416 3084 is
432 3033 585 3094 particularly
595 3032 648 3080 that
660 3041 717 3102 part
733 3030 761 3080 oi
773 3031 815 3080 the
831 3032 900 3094 night
914 3036 1047 3108 preceding

132 3091 259 3154 midnight.
290 3092 313 3140 Τ
332 3092 511 3142 edirisiousol
522 3091 563 3140 the
577 3089 646 3152 night
659 3090 1044 3148 tnocmmonlilewerelumr’sr·
1130 3107 1131 3144 t

130 3156 173 3225 hus
181 3153 293 3206 accensu,
306 3151 376 3200 when
388 3152 429 3200 tha
439 3152 536 3224 torches
546 3165 611 3200 were
628 3149 733 3218 lighted3
749 3151 891 3238 equalium.
905 3151 1042 3223 bcd3time;

131 3219 333 3320 omnm
343 3208 1043 3339 azmomrnrrunlrrlnunuu:

130 3345 203 3399 crow.
234 3327 376 3396 Intempesta
385 3337 451 3409 apoc
461 3345 516 3389 may
527 3329 558 3377 he
573 3327 706 3378 translated
721 3343 745 3376 m
760 3343 776 3376 a
799 3342 856 3376 oose
867 3342 932 3388 way,
949 3334 954 3355 ¹
965 3346 990 3379 ru
1001 3331 1042 3379 the

130 3386 460 3507 midiliioirsghli'e‘ntibbbuthss
475 3445 601 3505 ‘olumsy.’

158 3512 168 3537 ⁰
179 3503 262 3554 These
273 3518 329 3565 may
339 3504 442 3564 perhaps
453 3515 493 3552 not
505 3505 535 3552 be
546 3503 679 3560 connemod
690 3503 750 3552 with
764 3505 854 3561 mnis,
866 3505 910 3554 but
927 3505 958 3553 be
973 3505 1041 3556 abla-
