2274 3844
143 193 203 250 280
411 208 450 250 o}
474 209 582 252 aseris
604 209 787 252 Auxanum.

142 315 262 370 habuere
273 317 371 386 posteri
382 333 468 386 reges,
481 334 593 387 quorum
612 317 735 386 stirpibus
754 325 813 387 post
832 317 933 370 multas
949 326 1056 374 aetates

141 385 251 440 Romani
277 400 342 455 opes
367 387 534 440 ademerunt.
577 386 659 454 [gitur
682 387 847 455 Hermolaus,
873 404 939 456 puer
958 385 1055 442 nobilia

141 471 176 508 ex
200 458 272 522 regia
295 455 409 524 cohorte,
434 473 498 510 oum
520 466 613 532 aprum
638 454 690 508 telo
712 465 876 524 occupasset,
897 473 981 524 quem
1008 475 1054 512 rex

141 523 219 576 ferire
231 525 418 594 destinaverat,
430 525 502 595 jussu
515 541 574 593 eJue
586 525 741 578 verberibus
750 525 866 578 affectus
878 535 928 578 est.
964 525 1053 584 Quam

140 593 312 660 ignominiam
325 611 404 664 aegre
418 595 506 648 serens
517 594 617 646 deflere
629 594 699 662 apud
717 594 862 648 Sostratum
876 594 974 664 coepit.
1012 597 1053 651 Ex

139 661 235 716 eadem
253 663 359 717 cohorte
376 672 432 716 erat
452 663 589 731 Sostratus,
601 679 692 716 amore
709 662 767 732 ejus
783 663 888 716 ardens.
925 665 1051 722 Quicum

140 729 287 786 laceratum
305 750 407 803 corpus,
423 734 447 786 in
460 750 512 802 quo
523 732 679 802 deperibat,¹
693 733 846 800 intueretur,
859 732 968 786 forsitan
988 735 1052 790 olim

138 799 176 854 oh
188 801 269 856 aliam
281 819 388 872 quoque
400 817 510 856 oausam
530 803 584 869 regi
604 802 724 871 infestus,
736 801 866 871 juvenum
887 819 938 854 sua
957 815 1052 870 sponte

138 867 194 938 iam
217 882 327 940 mutum,
351 873 414 924 data
437 872 490 924 lide
519 873 684 940 acceptaque
713 870 833 940 perpulit,
858 880 887 924 ut
910 871 1052 928 occidendi

140 955 230 1008 regem
253 941 393 994 consilium
418 957 511 994 secum
534 939 621 993 iniret.
664 941 723 994 Neo
746 939 841 1009 puerili
864 941 968 1009 impetu
995 959 1052 996 rem

139 1010 246 1062 executi
266 1022 341 1070 sunt,¹
363 1011 461 1079 quippe
479 1009 608 1062 sollerter²
620 1009 747 1079 legerunt,
760 1026 826 1079 quoe
846 1009 872 1062 in
892 1012 1051 1062 societatem

139 1078 248 1131 sceleris
269 1082 436 1132 asciscerent.
480 1080 667 1147 Nicostratum,
688 1079 856 1147 Antipatrum
879 1079 1051 1149 Asclepiodo-

137 1163 251 1216 rumque
270 1162 298 1201 et
319 1149 448 1202 Philotam
473 1148 572 1217 placuit
591 1148 708 1201 assumi:
736 1165 783 1217 per
800 1148 849 1200 hus
868 1149 968 1218 adjecti
990 1159 1051 1203 eunt
1123 1195 1124 1198 ,

138 1217 268 1286 Anticles,
293 1218 448 1287 Eiaptonius
470 1226 497 1270 et
521 1218 675 1286 Epimenes.
718 1217 842 1270 Ceterum
866 1219 990 1286 agendae
1014 1221 1051 1272 rei

138 1285 210 1339 haud
238 1304 302 1339 sane
325 1287 411 1340 facilis
434 1287 542 1355 patebat
564 1287 613 1338 via.
657 1287 730 1356 Opus
753 1297 809 1340 erat
835 1288 933 1340 eadem
956 1305 1051 1354 omnes

136 1355 287 1425 conjuratos
299 1364 375 1408 noete
386 1355 527 1424 excubare,
541 1373 574 1408 ne
592 1356 628 1409 ab
645 1355 797 1426 expertibus
813 1356 917 1409 consilii
936 1355 1050 1426 impedi·

138 1434 241 1492 rentur;
263 1425 328 1477 sorte
348 1436 438 1478 autern
458 1425 527 1478 alius
546 1425 598 1477 alia
617 1435 694 1478 nocte
712 1425 872 1478 excubabat.
909 1427 1005 1496 ltaque
1024 1427 1050 1480 iu

137 1493 319 1562 permutandis
331 1494 473 1546 stationum
485 1494 599 1547 vicibus³
610 1503 751 1564 ceteroque
768 1503 896 1564 apparatu
914 1501 1049 1566 exequeu'-

135 1561 188 1616 dae
201 1563 238 1614 rei
250 1563 355 1630 triginta
367 1573 393 1615 et
406 1563 458 1616 duo
470 1563 528 1616 dies
539 1563 675 1632 absumpti
687 1573 755 1616 sunt.

172 1636 213 1683 22.
233 1632 331 1684 Aderat
350 1649 408 1700 nox,
424 1649 477 1701 qua
494 1627 622 1702 conjurati
640 1633 774 1687 excubare
792 1632 936 1702 debebant,
956 1645 1050 1689 mutua

135 1700 190 1753 fide
213 1699 285 1770 laeti,
306 1701 382 1772 eujus
405 1702 595 1756 documentum
619 1711 657 1754 tot
676 1702 734 1756 dies
754 1701 866 1754 fuerant.
903 1705 1050 1760 Neminem

135 1780 225 1824 metus
242 1788 337 1840 spesve
356 1781 518 1826 mutaverat:
545 1781 618 1824 tenta
639 1772 764 1826 omnibus
781 1771 825 1824 vel
843 1772 870 1824 in
889 1789 980 1841 regern
1001 1774 1048 1843 ira,

135 1840 190 1892 vel⁴
201 1840 269 1893 fides
281 1841 349 1894 inter
361 1843 431 1910 ipsos
442 1842 500 1898 luit.
536 1840 644 1895 Stabant
663 1841 742 1908 igitur
752 1841 786 1894 ad
800 1841 869 1894 sores
885 1843 964 1896 aedis
982 1843 1048 1913 ejus,

135 1909 161 1962 in
182 1925 235 1979 qua
257 1928 301 1964 rex
320 1911 485 1979 vescebatur,
502 1920 531 1964 ut
551 1909 672 1964 convivio
691 1927 829 1978 egressum
848 1911 874 1962 in
894 1911 1050 1966 cubiculum

133 1978 305 2032 deducerent.
342 1980 393 2033 Sed
406 1979 509 2034 fortuna
528 1981 611 2049 ipsius
629 1979 763 2048 simulque
780 1979 947 2048 epulantium
967 1981 1048 2036 corui·

135 2051 186 2100 tan⁶
197 2050 315 2118 prorexit
333 2065 426 2102 omnes
438 2049 471 2102 ad
484 2050 581 2118 largius
592 2049 701 2116 vinum3
719 2048 774 2102 ludi
793 2049 876 2102 etiam
895 2052 1049 2104 convivales

135 2128 273 2171 extraxere
291 2129 405 2188 tempus,
419 2136 489 2172 nune
507 2117 668 2172 laetantibus
684 2117 835 2188 conjuratis,
848 2119 919 2188 quod
932 2123 1048 2190 sopitum

133 2189 283 2254 aggressuri
295 2197 392 2256 essent,
405 2205 477 2242 nune
494 2188 620 2256 sollicitis,
633 2204 666 2240 ne
679 2189 706 2240 in
724 2187 814 2244 lucem
832 2189 983 2244 convivium
1004 2207 1048 2244 ex·

134 2255 259 2308 traheret.
294 2257 398 2326 Quippe
420 2257 487 2310 alios
509 2259 537 2312 in
561 2257 699 2310 stationem
720 2255 857 2326 oportebat
881 2259 968 2328 prima
988 2259 1048 2312 luce

134 2325 287 2394 succedere,
304 2327 419 2394 ipsorum
438 2337 497 2396 post
516 2328 660 2396 septimum
679 2327 752 2382 diem
766 2326 882 2380 reditura
901 2328 978 2380 vice:
999 2345 1049 2382 uec

133 2409 239 2460 sperare
252 2403 378 2463 poterant,
392 2395 418 2447 in
436 2395 501 2448 illud
520 2404 627 2464 tempus
643 2396 766 2450 omuibus
783 2395 937 2450 duraturam
954 2397 1046 2454 fidem.

133 2463 258 2515 Ceterum
278 2481 339 2516 curn
358 2463 415 2532 jam
435 2463 480 2518 lux
502 2473 647 2534 appeteret,
665 2475 692 2518 et
712 2465 864 2519 convivium
886 2467 1004 2537 solvitur,
1021 2479 1048 2520 et

132 2532 261 2585 eon'urati
287 2543 448 2602 exceperunt
478 2551 577 2601 regern,
602 2534 666 2588 laeti
694 2534 864 2590 occasionem
894 2535 1047 2606 exequendi

132 2619 178 2655 soe
190 2603 241 2655 eris
259 2603 393 2656 admotam
404 2603 422 2670 5⁸
440 2621 502 2657 curn
524 2603 620 2656 mulier
638 2605 772 2672 attonitae,
795 2613 823 2656 ut
843 2605 978 2660 creditum
997 2616 1045 2676 est,

132 2673 249 2742 mentis,⁷
266 2673 415 2726 conversari
434 2673 461 2726 in
481 2674 553 2742 regia
571 2673 655 2741 solita,
669 2675 731 2742 quia
750 2673 888 2727 instinctu⁸
905 2675 1047 2730 videbatur
1131 2695 1133 2740 ς

132 2743 221 2796 futura
244 2743 406 2814 praedicere,
430 2759 482 2796 non
499 2743 618 2800 ,occurrit
640 2743 719 2796 modo
748 2743 864 2812 abeunti,
890 2744 939 2796 sed
964 2745 1044 2798 etiam

161 2863 168 2884 ¹
181 2856 266 2904 ‘With
278 2857 358 2904 whom
368 2857 398 2904 he
411 2872 460 2905 was
471 2856 495 2904 in
507 2855 577 2904 love!
609 2855 722 2917 Deperirc
732 2856 752 2903 is
764 2855 893 2916 ordinarily
904 2857 1045 2918 constructi,

131 2914 180 2962 like
191 2933 277 2972 amare,
286 2916 346 2964 with
356 2916 396 2964 the
405 2916 540 2964 accusative
549 2931 556 2972 ;
573 2916 617 2962 but
629 2914 695 2970 here,
707 2915 731 2982 in
740 2915 781 2962 the
790 2931 857 2964 same
865 2931 921 2976 way
928 2932 955 2965 as
962 2921 1044 2966 ardere

131 2973 177 3020 and
188 2977 228 3021 uri
237 2975 261 3021 in
273 2975 321 3022 this
332 2991 412 3030 sense,
426 2975 485 3023 with
497 2977 523 3022 in
534 2975 580 3022 and
591 2973 632 3021 the
644 2973 755 3022 ablativa.

159 3037 169 3062 ²
181 3032 330 3102 ‘Skilsully‚’
346 3033 420 3082 ‘with
431 3035 477 3082 due
489 3033 680 3081 consideration!

159 3095 168 3120 ’
180 3091 223 3138 ‘ln
235 3092 317 3138 malnn
345 3093 451 3162 changes
462 3093 490 3140 ol
496 3092 559 3140 their
569 3101 637 3140 turne
648 3105 679 3138 on
689 3091 781 3152 guard.¹

157 3151 215 3240 :As
226 3159 251 3196 to
263 3149 304 3197 the
315 3109 454 3220 distinctrcn
464 3154 577 3220 between
586 3161 628 3220 aut
640 3150 741 3208 sedvel,
754 3166 795 3198 see
807 3151 934 3224 Zumptpb
945 3155 997 3202 339.

128 3207 384 3327 desigippprgpllpppppg
395 3209 600 3329 pazrplrlrngps'also
610 3226 634 3257 in
645 3209 746 3258 another
756 3225 858 3272 passage
870 3218 929 3268 (vm.
942 3215 978 3266 16)
990 3226 1040 3262 aaa

156 3333 165 3356 ⁸
179 3325 248 3374 ‘Had
258 3326 425 3384 approaebed!

158 3388 165 3410 ¹
179 3384 231 3433 ¹0ss
242 3399 256 3432 a
266 3384 405 3451 possessed'
417 3400 444 3432 or
457 3385 609 3445 ‘prophaetia
620 3387 703 3436 mind!

155 3446 164 3470 ⁸
177 3447 183 3468 ⁶
191 3441 266 3490 From
276 3442 432 3502 inspiratrou.¹
