2278 3846
160 171 217 230 rto
424 185 464 226 nr
488 185 594 230 orsum
613 183 798 226 suxrrtortr.

157 295 228 352 fecto
249 293 354 364 cepisse
371 294 488 350 Dareum
505 293 677 363 aestimaturi,
697 293 737 348 sin
754 302 846 350 autem
863 309 937 352 eum,
947 291 990 348 eff
1039 307 1067 346 re

192 365 313 432 tuissent,
336 363 475 418 interfecto
499 363 591 433 Dareo,
610 379 722 430 reguum
744 363 796 432 ipsi
820 372 992 432 occuparent,
1047 358 1067 414 l·

167 450 266 502 umque
284 443 447 488 renovarent.
483 433 540 486 Hoc
564 432 732 504 parricidium
750 449 812 490 eum
830 432 876 486 diu
895 432 1066 497 volutassent,

156 502 329 558 Nabarzanes
343 503 448 558 aditum
465 501 583 558 nefariae
607 501 665 572 spei
685 519 852 573 praeparans,
871 501 930 556 Soio
955 519 1010 570 me,
1031 502 1067 554 iu·

156 573 212 642 quit
234 574 393 626 sententiam
411 589 472 626 esse
490 571 631 640 dicturum,
644 571 730 641 prima
748 571 838 641 specie
857 571 1067 642 haudquaquam

155 611 265 696 surdius
282 643 335 696 tuis
371 652 461 696 ratam.
498 641 550 697 sed
567 641 666 696 medici
683 657 790 713 quoque
807 642 943 710 graviores
962 641 1068 694 morbos

154 712 257 780 asperis
275 727 333 764 reru
370 713 402 764 iis
412 721 511 780 curant,
524 720 551 764 et
562 711 727 781 gubernator,
741 710 788 765 ubi
800 711 968 778 naufragium
982 711 1065 780 timet,

154 779 267 850 jactura¹
279 781 405 851 quiequid
418 781 515 834 serrari
521 790 613 884 petest
625 779 739 834 redimit.
776 781 832 848 Ego
852 790 951 848 tamen,
965 797 1022 834 non
1039 788 1067 834 ut

155 851 285 904 damnum
302 852 413 920 quidem
430 850 521 920 facies,
543 849 651 920 suadeo,
664 850 711 903 sed
731 859 759 902 ut
777 859 803 903 te
821 867 853 902 ac
864 867 979 918 regnum
993 858 1067 904 tuum

155 920 254 974 salubri
273 923 373 974 ratione
390 937 540 974 conserves.
576 919 633 974 Diis
649 919 769 972 adversis
787 917 889 973 bellum
907 919 1021 989 inimus,
1039 926 1067 974 et

155 991 277 1060 pertinax
295 989 399 1044 fortuna
416 990 511 1043 Persas
538 1006 630 1058 urgere
656 1005 707 1042 non
732 989 836 1043 desinit.
872 989 958 1042 Novis
985 988 1067 1042 initiis

155 1069 183 1112 et
195 1059 327 1114 ominibus
338 1077 404 1128 opus
416 1059 476 1113 est.³
510 1058 678 1128 Auspicium⁴
689 1067 716 1110 et
733 1058 876 1128 imperium
894 1058 1005 1111 interim
1023 1057 1066 1112 alii

155 1130 238 1198 trade,
256 1129 304 1198 qui
322 1130 424 1182 tamdiu
442 1145 489 1182 rex
505 1127 661 1198 appelletur,
674 1129 759 1180 donec
771 1129 835 1182 Asia
847 1126 962 1182 decedat
975 1129 1065 1198 hostis,

155 1199 238 1251 victor
261 1199 358 1250 deinde
383 1215 493 1265 regnum
513 1198 561 1251 tibi
579 1197 680 1250 reddet.
716 1197 772 1250 Hoc
790 1206 881 1250 autem
900 1197 975 1250 brevi
988 1197 1063 1251 'sutu-

156 1284 214 1320 rum
229 1267 293 1320 ratio
312 1268 447 1336 promittit.
483 1267 578 1320 Bactra
597 1267 696 1320 intacta
710 1275 786 1320 sunt:
809 1267 865 1321 Indi
886 1275 913 1320 et
932 1266 1019 1320 Sacae
1040 1267 1065 1321 in

155 1347 202 1390 tua
213 1345 360 1406 potestate:
381 1345 416 1390 tot
435 1337 531 1406 populi,
545 1346 583 1390 tot
594 1337 733 1405 exercitus,
748 1345 784 1388 tot
797 1337 918 1408 equitum
930 1336 1065 1406 pediturn-

155 1423 208 1475 que
227 1406 301 1458 milia
323 1405 358 1460 ad
381 1406 561 1458 renovandum
581 1405 682 1460 bellum
700 1407 770 1458 vires
786 1414 891 1476 paratas
908 1405 1018 1476 hahent,
1037 1414 1065 1459 ut
1126 1452 1127 1455 ,

155 1475 239 1544 major
258 1474 320 1528 helii
333 1475 417 1528 moles
429 1476 551 1544 supersit,
565 1492 646 1546 quarn
658 1475 788 1530 exhausta
800 1476 842 1529 sit.
880 1475 948 1534 Quid
956 1477 1065 1529 ruimus

155 1544 295 1600 beluarum
318 1545 368 1598 ritu
397 1546 424 1598 in
454 1547 597 1614 perniciem
626 1562 677 1597 non
707 1545 908 1598 necessariamt
946 1545 1064 1600 Fortium

155 1613 270 1666 virorum
287 1622 335 1680 est,
349 1615 434 1682 magis
452 1626 562 1668 mortem
581 1624 758 1684 contemnere,
771 1632 851 1684 quam
871 1614 960 1668 odisse
973 1616 1062 1668 vitam.

155 1682 240 1752 Saepe
258 1683 346 1738 taedio
364 1684 460 1740 laboris
477 1685 512 1739 ad
531 1685 661 1738 vilitatem
679 1685 730 1737 sui⁵
747 1683 942 1754 compelluntur
961 1685 1061 1754 ignari:

153 1761 182 1804 at
194 1751 262 1806 nihil
273 1754 356 1806 virtus
367 1755 533 1824 inexpertum
545 1754 652 1808 omittit.
688 1755 780 1824 Itaque
800 1754 924 1807 ultimum
942 1755 1062 1808 omnium
1108 1803 1110 1807 ,

154 1833 285 1893 moreest,
297 1823 332 1876 ad
345 1841 426 1893 quam
440 1841 490 1884 non
503 1824 575 1894 pigre
591 1825 628 1879 tre
641 1823 705 1876 satis
717 1833 765 1877 est.
801 1823 912 1876 Proinde
925 1823 948 1876 si
961 1825 1061 1893 Bactra,

153 1892 224 1960 quod
253 1893 415 1948 tutissimum
444 1893 641 1964 receptaculum
668 1903 716 1962 est,
744 1893 866 1962 petimus,
896 1893 1061 1962 praefectum

155 1962 269 2030 regionis
292 1963 351 2032 ejus
374 1963 486 2028 Bessum
516 1980 607 2030 regem
637 1963 762 2016 remoris
791 1963 875 2032 gratia
905 1971 1059 2016 statuamus.

153 2031 312 2111 Compositis
332 2033 417 2102 rebus,
436 2033 505 2102 justo
526 2033 582 2100 regi
603 2031 652 2086 tibi
672 1981 852 2090 fiduciarium‘
870 2032 993 2090 restituet
1014 2033 1059 2086 im·

190 2119 266 2154 rrum.
664 2137 667 2144 -

153 2115 229 2222 pen
248 2170 326 2224 Haud
352 2171 449 2224 mirum
472 2180 521 2240 est,
548 2171 664 2224 Dareum
688 2187 741 2223 non
764 2179 930 2240 temperasse
953 2172 1062 2242 animo,⁷

152 2253 316 2307 quamquam
334 2248 388 2294 tarn
407 2239 504 2310 impiae
524 2241 583 2294 voci
601 2247 730 2310 quantum
750 2240 826 2294 nefas
844 2241 937 2310 esset,⁸
954 2241 1063 2295 latebat.

182 2367 227 2434 {In
245 2367 287 2435 the
303 2384 377 2416 sense
395 2369 423 2416 of
437 2370 469 2418 its
487 2369 629 2428 derivation,
653 2373 700 2432 ‘by
717 2372 838 2433 throwing
855 2373 1000 2423 overboard'
1021 2375 1061 2423 the

151 2427 278 2531 werlghqer
289 2438 340 2485 pert
351 2427 379 2496 of
386 2429 426 2476 the
438 2445 517 2498 eergo.
546 2429 647 2498 ductura
658 2431 794 2514 ultimately
805 2448 889 2480 means
902 2433 967 2481 ‘lose
976 2434 994 2491 ;'
1007 2447 1061 2494 pro·-

151 2484 777 2613 pqr‘yzlolqliquqilqneqqggtratqoqqtgqrqpnqnaglnqanttqgiq.
785 2556 825 2598 ‘to
835 2549 925 2600 endure
936 2567 951 2602 a
962 2551 1030 2602 loss.’

179 2603 298 2652 ”There
310 2619 330 2652 rs
341 2605 402 2654 need
413 2605 440 2654 of
452 2622 506 2656 new
518 2609 547 2656 be
566 2608 660 2670 inninga
677 2617 694 2665 (t
713 2621 736 2658 at
753 2610 782 2667 is,
794 2609 822 2658 os
833 2611 966 2672 beginning
982 2619 1060 2667 anew)

150 2661 375 2734 andnewornens.)
409 2665 520 2728 Nothing
530 2624 564 2735 od
569 2678 635 2728 great
647 2669 794 2738 importance
805 2685 856 2718 was
872 2669 1025 2738 undertaken
1035 2671 1060 2720 iu

150 2733 244 2792 ancient
256 2735 328 2772 times
339 2723 443 2792 without
453 2727 583 2787 ohservrng
593 2743 687 2784 omens,
700 2728 780 2776 which
791 2739 855 2778 were
871 2729 1017 2780 considered
1031 2746 1058 2778 es

151 2782 190 2830 the
201 2797 269 2830 vorce
280 2781 308 2830 of
319 2783 430 2844 divinity,
666 2813 667 2816 =

177 2843 333 2904 ‘Auspicium
343 2844 368 2890 in
378 2843 419 2892 the
432 2843 527 2892 Romen
536 2860 619 2900 sense,
632 2861 682 2896 was
694 2845 735 2894 the
746 2846 809 2907 right
826 2845 855 2894 oi
866 2847 1006 2910 consulting
1016 2847 1056 2898 the

148 2901 199 2948 will
214 2901 242 2949 of
254 2901 295 2949 the
328 2902 567 2964 ods,byohserving
582 2905 623 2952 the
639 2905 665 2952 fli
683 2904 709 2952 ht
726 2903 754 2954 os
766 2906 839 2954 birds.
871 2904 933 2954 This
946 2923 998 2955 was
1014 2922 1054 2955 err·

151 2960 227 3019 joyed
247 2962 280 3020 by
300 2918 341 3010 de
363 2921 681 3032 commender-inobiefpd
700 2979 826 3032 nnlarmy.
860 2963 1053 3026 Consequentiy,

148 3019 214 3066 what
226 3033 275 3086 was
287 3019 348 3068 done
359 3024 437 3071 erther
447 3021 522 3070 under
533 3023 569 3070 ins
581 3038 636 3070 own
647 3023 785 3074 immedrate
794 3024 930 3081 commend,
941 3041 968 3074 or
977 3027 1010 3086 by
1018 3024 1056 3074 his

147 3077 301 3148 enhardruete
313 3079 417 3138 officere,
430 3097 480 3130 was
492 3081 543 3130 said
554 3091 579 3130 to
590 3083 620 3129 be
630 3081 692 3130 done
700 3085 743 3130 snb
752 3085 866 3146 auspiciis
877 3085 936 3144 ejus,
963 3085 1054 3148 Auspi-

147 3151 215 3190 csttsn
229 3135 357 3194 therefore,
371 3155 428 3200 may
438 3156 509 3190 mean
536 3140 642 3200 enerelly
656 3141 775 3191 ‘authorit
795 3144 811 3198 ,’
828 3143 987 3192 ‘command'

177 3203 185 3227 ¹
196 3201 201 3221 ⁶
212 3194 252 3242 To
262 3209 276 3242 a
287 3195 334 3242 low
345 3199 457 3266 estimato
468 3199 497 3248 oi
508 3157 673 3248 themselves!
706 3201 753 3250 See
790 3219 846 3250 ram.
859 3201 872 3254 i
883 3205 937 3260 273,
950 3211 1008 3250 note
1018 3205 1040 3252 t.

175 3259 184 3285 ⁸
197 3259 203 3280 ⁴
214 3253 337 3322 intrusted
348 3265 373 3323 to
383 3257 433 3305 hun
444 3273 471 3306 as
482 3275 496 3306 a
507 3259 575 3307 mark
585 3258 774 3309 of.coufideuce.’

176 3313 326 3362 '‘Restmtu
344 3313 382 3362 hrs
397 3315 515 3378 feelings)
547 3318 651 3373 Forthe
667 3319 875 3377 constructiones
889 3329 996 3384 iesuperu,
1013 3335 1055 3370 see

148 3371 417 3427 &imminueret

174 3434 183 3458 ⁸
197 3430 275 3478 ‘How
286 3439 355 3490 great
364 3447 378 3478 a
388 3431 461 3480 crime
472 3432 524 3484 that
536 3435 639 3494 impiotta
650 3437 739 3496 speech
750 3436 865 3498 implied.'
