2294 3842
474 243 566 285 arara
585 245 615 286 x.
939 230 996 288 ³08

79 355 159 404 tidem
171 353 354 418 confugiebant,
366 353 462 402 illomm
472 353 593 413 manibus,
600 354 622 402 si
634 354 665 404 ad
676 340 823 416 supplicium
835 361 996 417 poscerentur,

79 421 194 480 salutem
204 434 276 468 suam
288 419 404 475 tutaturi;
421 425 463 468 aut
474 420 585 482 pecunia,
595 425 686 482 quanta
697 425 798 481 poterat,
807 427 899 480 coacta,
910 421 997 485 fugam

79 485 189 535 inibant
223 484 262 534 Ea
279 502 305 534 re
323 485 422 548 cognita
437 485 533 533 litterae
545 487 576 534 ad
588 501 673 533 omnes
684 485 759 533 Asiae
771 492 895 548 praeterea
906 486 996 536 missae

79 557 151 610 sunt,
162 551 253 614 quihus
264 550 379 613 inspectis
390 566 404 598 e
415 550 518 614 vestigio
535 565 619 599 omnes
636 551 778 614 peregrinos
795 551 892 610 milites,
903 553 945 618 qui,
955 553 996 602 sti·

80 617 241 746 ‘hillidiiub
259 616 453 730 3ξῖἷὲἓὲἳὲ
470 616 594 730 iiiiii
607 615 995 734 lilbssiittffliim'pi‘

79 749 151 811 lippo
173 699 267 813 eje'odds
289 747 367 797 solum
386 699 504 806 vertidsht,
526 698 743 796 interpfidissimoe
765 747 879 806 habebat,
898 700 924 796 eh
942 701 996 812 podl

80 813 183 862 Mazaei
203 821 306 862 mortem
327 815 434 876 satrapia
455 813 605 877 Babyloniae
624 814 762 871 donaverat,
780 813 994 878 thesaurorumque

80 879 212 928 custodiae
225 877 382 942 praefecerat.
415 879 440 927 Is
458 879 535 944 igitur
553 894 608 926 cum
626 877 750 937 fiduciam,
760 893 833 941 quam
851 878 877 927 in
894 895 995 942 propen-

80 943 184 992 sissime
195 944 263 1010 regis
275 945 355 1008 gratia
365 945 456 994 habere
469 950 569 1008 poterat,
583 943 753 1008 magnitudine
770 943 920 1008 flagitiorum
939 961 994 994 con·

79 1011 237 1072 sumpsisset,
245 1011 349 1072 quinque
357 1011 476 1058 talentum
485 1009 554 1058 milia
562 1025 593 1057 ex
601 1025 662 1074 gaza
670 1011 741 1074 regia
750 1009 821 1072 rapit,
828 1011 994 1072 conductaque

79 1091 126 1122 sex
137 1076 236 1124 milium
248 1077 456 1124 mercenariorum
468 1091 550 1134 manu,
559 1075 585 1122 in
594 1075 718 1138 Europam
727 1075 814 1125 evadit.
842 1074 994 1138 Jampridem

78 1221 168 1270 regem
185 1207 266 1266 venia,
284 1208 398 1255 adversus
421 1208 483 1256 iram
507 1206 584 1268 ipsius
603 1207 629 1254 in
649 1206 737 1255 alienis
755 1207 839 1270 opibus
857 1207 993 1256 subsidium

80 1271 273 1334 circumspicere
290 1279 417 1335 coeperat;
434 1279 459 1321 et
472 1271 642 1332 Athenienses,
653 1287 754 1335 quorum
771 1288 820 1321 non
837 1278 993 1322 contemnen-

79 1339 140 1385 dam
159 1339 301 1400 potentiam,
313 1344 338 1386 et
355 1340 418 1400 apud
436 1345 529 1386 ceteros
540 1338 648 1386 Graecos
659 1339 839 1398 auctoritatem,
850 1345 903 1388 tum
914 1339 993 1388 aemil.

80 1411 135 1452 tum
149 1404 177 1452 in
186 1403 337 1452 Macedonas
349 1405 431 1452 odium
443 1409 521 1462 norat,
529 1404 612 1453 sedulo
624 1403 737 1452 coluerat
766 1403 851 1467 Itaque
862 1419 931 1467 spem
942 1406 993 1456 suia

80 1469 199 1528 faciebat,
210 1469 374 1518 Athenienses
392 1471 497 1518 adventu
513 1484 557 1517 suo
574 1470 678 1534 cognito,
693 1470 816 1532 copiisque
832 1476 859 1519 et
874 1471 993 1533 pecuniis,

80 1549 143 1596 quas
155 1535 296 1594 adduceret,
307 1551 390 1584 coram
401 1535 526 1598 inspectis,
538 1535 647 1596 protinus
665 1550 735 1585 arma
752 1536 900 1600 consiliaque
915 1535 992 1586 eooia'ss
1037 1583 1038 1587 ,

80 1607 150 1648 turos
162 1616 224 1649 esse.
258 1599 324 1648 Nam
336 1601 400 1663 apud
412 1601 527 1665 populum
538 1601 680 1662 imperitum
691 1608 717 1650 et
727 1602 850 1661 mobilem,
861 1619 904 1665 per
915 1603 993 1651 homi.

79 1680 126 1714 nea
137 1666 261 1728 improbos
269 1671 295 1714 et
305 1666 408 1714 avaritia
416 1667 521 1725 venales,
529 1665 613 1714 omnia
621 1683 647 1714 ae
656 1668 796 1718 muneribus
806 1675 991 1718 consecuturum

80 1731 261 1794 existimabat]

115 1871 142 1920 7.
160 1865 245 1934 igitur
256 1867 361 1936 triginta
371 1866 484 1922 navibus
501 1867 612 1922 Sunium
630 1869 818 1922 transmittuntl
832 1868 991 1938 (promonto-

80 1935 152 1990 rium
165 1944 207 1988 est
219 1937 325 1990 Atticae
337 1937 441 2008 terrae),
456 1937 528 1990 unde
545 1947 649 2008 portum
666 1937 739 1990 urbis
756 1946 847 2008 petere
866 1935 991 1992 decreve-

80 2014 149 2058 rant.
193 2005 241 2058 His
265 2006 384 2076 cognitis,
409 2023 457 2059 rex
485 2007 597 2078 Harpalo
627 2006 888 2075 Atheniensibusque
916 2006 992 2076 juxta

80 2075 195 2130 infestas
217 2075 332 2129 classem
354 2076 441 2146 parari
463 2075 546 2156 jubet,
570 2077 691 2131 Athenas
712 2077 830 2146 protinus
853 2076 991 2145 petiturus.

80 2145 157 2204 Quod
176 2145 317 2198 consilium
334 2163 396 2201 oum
414 2145 484 2200 olam
501 2155 591 2218 agitat,
605 2146 708 2200 litterae
722 2147 749 2198 ei
762 2145 914 2215 redduntur,
927 2146 991 2200 Har·

81 2215 174 2286 palum
198 2215 310 2282 intrasse
333 2216 442 2285 quidem
462 2216 590 2286 Athenas,
650 2217 739 2268 cunia²
761 2215 917 2268 conciliasse
940 2216 991 2270 sibi

81 2285 231 2355 principum
242 2286 362 2340 animos:
381 2302 451 2356 mox,
465 2285 576 2340 concilio
595 2285 682 2355 pebis
699 2284 797 2354 habito,
809 2283 914 2355 jussum
925 2285 991 2339 urbe

81 2355 214 2408 excedere
233 2355 275 2408 ad·
288 2356 404 2408 Graecos
423 2354 523 2408 milites
542 2354 701 2425 pervenisse,
720 2355 819 2424 quibus
837 2354 865 2408 in
885 2355 991 2409 Cretam

81 2423 206 2495 trajectis,
227 2441 244 2476 a
266 2425 383 2496 quodam
405 2423 566 2478 Thimbrone
590 2424 777 2495 interemptum
800 2441 848 2496 per
871 2424 989 2478 insidias.

81 2494 130 2546 His
153 2493 240 2546 laetos
265 2497 291 2547 in
318 2495 452 2564 Europam
475 2494 623 2564 trajiciendi
647 2495 787 2550 consilium
809 2494 914 2548 omisit:
943 2496 989 2550 sed

81 2563 182 2631 exules,
197 2572 302 2632 praeter
316 2581 369 2634 eos,
385 2565 432 2634 qui
451 2563 521 2618 civili
539 2565 668 2634 sanguiue
686 2565 786 2636 aspersi
804 2565 898 2633 erant,a
910 2565 990 2634 recipi

81 2633 115 2686 ab
133 2633 256 2686 omnibus
275 2635 436 2688 Graecorum
455 2633 614 2704 civitatibus,
631 2635 692 2704 quis
709 2634 778 2704 pulsi
796 2636 889 2704 erant,⁴
902 2634 988 2702 jussit.

82 2703 116 2756 Et
134 2703 235 2774 Graeci,
249 2702 322 2756 haud
333 2703 392 2756 ausi
405 2703 546 2772 imperium
557 2705 699 2774 aspernari,
712 2720 875 2772 quamquam
888 2703 989 2756 solven-

81 2772 175 2826 darum
194 2772 285 2842 legum
307 2773 335 2827 id
358 2773 517 2844 principium
540 2789 600 2826 esse
624 2772 769 2850 censebant
789 2771 857 2825 bona
875 2786 987 2842 quoque,

129 2932 184 2980 The
195 2933 290 2992 subject
301 2933 323 2982 is
336 2932 480 2992 ‘Harpalus‚
493 2931 540 2980 and
550 2947 565 2979 a
575 2932 677 2980 number
687 2930 715 2979 os
723 2929 805 2979 Greek
816 2931 984 2988 mercenarios,

81 2991 163 3040 whom
173 2992 203 3040 he
214 2991 261 3040 had
272 2993 347 3040 taken
358 2992 408 3039 into
418 2991 456 3040 his
467 2991 576 3039 service!
609 2990 656 3038 See
668 2990 708 3038 the
720 3000 839 3046 contenta,
853 2991 913 3050 chap
924 2994 946 3039 6.
1041 3037 1046 3041 .
1099 3002 1107 3009 ·

109 3052 154 3098 “A
165 3051 308 3112 connecting
319 3051 481 3111 conjunctim,
495 3059 515 3098 et
527 3065 554 3098 or
563 3067 597 3104 ao.
611 3065 691 3098 seems
702 3059 728 3098 to
738 3051 768 3097 be
779 3050 897 3109 required.

110 3115 119 3139 ²
131 3115 137 3136 ⁴
147 3110 212 3158 Who
227 3110 275 3158 had
290 3108 432 3158 committed
448 3109 561 3158 murder!
589 3109 642 3168 ¹We
653 3107 740 3157 should
750 3109 861 3170 properly
872 3110 933 3158 have
944 3109 986 3158 tho

81 3169 232 3230 subjunctive
248 3170 315 3227 here,
326 3169 364 3217 for
375 3171 392 3217 it
404 3179 469 3217 must
480 3169 541 3217 have
553 3171 615 3217 been
626 3178 702 3228 apart
713 3168 741 3217 of
748 3169 911 3220 Alexander's
922 3185 984 3217 mes·

81 3229 656 3358 safflhdoihsreihiffldrllihtihddlieenuexpelledr’
674 3286 715 3334 the
732 3287 818 3357 sirnple
834 3288 939 3357 ablative
949 3285 986 3336 for

79 3367 106 3398 ec
121 3349 210 3409 quibua.
242 3347 292 3395 We
308 3348 385 3408 mrght
401 3346 458 3394 take
475 3362 527 3407 qma
544 3356 569 3394 tc
585 3347 615 3394 be
631 3345 672 3394 the
689 3346 777 3404 dative,
794 3347 906 3408 standing
921 3345 957 3394 sor
970 3365 986 3396 o

79 3409 168 3470 qaabua.
200 3405 249 3455 But
260 3406 310 3455 thia
321 3407 341 3454 is
352 3421 418 3454 more
427 3419 486 3454 rare.
513 3405 562 3453 We
572 3421 618 3456 cau
628 3421 671 3468 say
680 3405 757 3456 either
767 3423 794 3456 ea
801 3408 882 3470 patrio
889 3408 983 3470 pellere,

79 3484 105 3518 or
111 3469 192 3531 patrata
199 3469 294 3530 pellere.
326 3466 372 3514 See
386 3467 465 3514 Grom.
477 3463 552 3516 i29&
