2278 3846
451 257 543 298 crass
563 259 603 298 iv.
942 242 981 299 98

48 381 143 417 mus:
162 381 236 418 nunc
248 364 276 419 in
289 365 398 419 sedibus
409 366 502 419 nostris
515 367 697 437 propulsamus
708 367 819 420 illatum.
846 367 982 420 lactamur

50 434 187 488 invicem
200 435 331 488 mrietate
343 434 470 487 fortunae.
506 435 639 490 Videlicet
651 437 800 506 imperium,
814 437 877 505 quia
890 448 981 490 mutuo

49 503 239 568 affectamus,
254 521 308 558 uua
318 521 384 572 gens
395 521 446 557 non
458 505 538 573 capit.

91 577 142 624 55.
162 574 301 643 Ceterum,
315 573 420 626 etiamsi
438 589 500 642 spes
512 591 562 627 non
575 574 714 643 subesset,¹
727 575 872 627 necessitas
890 585 981 628 tamen

50 642 209 696 stimulare
233 643 358 695 deberet:
384 641 419 694 ad
442 652 562 696 extrema
589 653 746 712 perventum
769 653 820 697 est.
863 645 981 697 Matrem

52 729 167 780 meam,
187 713 258 766 duas
275 711 350 780 filias,
368 711 471 765 Ochum
491 712 516 765 in
535 730 611 782 spem
632 713 710 783 hujus
731 713 832 782 imperii
851 715 979 786 genitum,

52 781 212 850 principes,
226 781 299 834 illam
317 780 435 834 sobolem
453 782 542 849 regiae
561 783 655 852 stirpis,
669 783 752 835 duces
770 791 870 834 vestros
889 799 981 850 regum

54 851 170 919 instar,⁸
190 851 295 904 vinctos
312 850 407 902 habet:
433 851 483 902 nisi
502 851 564 920 qnid
585 851 611 906 iu
629 852 723 921 vobis,8
740 854 796 920 ipse
815 867 864 919 ego
882 851 981 920 majore

54 921 132 974 mei⁴
144 929 225 990 parte
244 920 364 999 captivus
382 937 449 972 sum.
487 921 586 991 Eripite
604 921 706 974 viscera
723 921 795 973 mea⁶
807 937 841 974 ex
854 921 979 974 vinculis:

55 991 202 1042 restituite
220 990 288 1042 mihi
306 989 420 1058 pignora,
439 1006 485 1058 pro
503 991 600 1059 quibus
618 991 667 1060 ipsi
687 990 754 1044 mori
775 1007 825 1042 non
845 991 980 1058 recusatis,

57 1068 220 1128 parentem,
245 1059 356 1111 liberos:
384 1077 446 1111 narn
470 1059 611 1130 conjugem
639 1060 666 1112 in
693 1059 738 1112 illo
759 1075 867 1112 carcere
893 1060 980 1111 amisi.

55 1129 186 1198 Credite,
208 1145 278 1180 nunc
295 1144 389 1180 omnes
408 1127 583 1181 hostendere
601 1128 636 1181 ad
654 1146 701 1182 vos
719 1145 823 1197 manus,
842 1129 981 1198 implorare

57 1199 168 1267 patrius
180 1197 256 1264 deoS,
269 1213 349 1266 opem
361 1207 485 1266 cestram,
498 1199 716 1268 misericordiam,
729 1197 811 1250 fidem
829 1214 980 1266 exposcere,

58 1277 90 1320 ut
105 1267 297 1338 compedibus,
310 1276 338 1320 ut
351 1268 484 1334 servitute,
499 1277 526 1321 ut
544 1269 661 1336 precario
672 1267 755 1320 victu⁸
766 1267 838 1336 ipsos
856 1267 980 1319 liberetis.

60 1339 108 1390 An
122 1337 236 1390 creditis
247 1353 333 1405 aequo
345 1335 435 1388 animo
453 1335 494 1388 his
505 1337 612 1406 servire,
626 1352 738 1407 quorum
750 1353 827 1404 reges
838 1353 898 1389 esse
911 1337 981 1388 lasti·

59 1406 175 1459 diunrtt
212 1406 299 1458 Video
319 1405 456 1457 admoveri
479 1405 596 1458 hostiurn
615 1407 718 1460 aciem:
739 1405 787 1459 sod
805 1423 856 1474 quo
877 1408 982 1475 propius

60 1476 217 1528 discrimen
236 1473 344 1542 accedo,
366 1474 416 1527 hoc
439 1475 529 1526 minus
551 1475 601 1546 his,
622 1493 691 1545 quae
711 1475 775 1542 dixi,
795 1491 902 1544 possum
922 1491 981 1527 esee
1071 1517 1072 1520 ,

60 1555 222 1598 contentus.
260 1544 310 1596 Per
327 1561 376 1611 ego
394 1561 442 1594 vos
461 1543 527 1596 deos
546 1546 653 1614 patrios⁸
670 1554 862 1614 aeternumque
883 1546 981 1624 ignem,

60 1616 111 1684 qui
133 1614 286 1684 praefertur
303 1613 437 1682 altaribus,
457 1613 639 1684 fulgoremque
658 1613 721 1666 solis
740 1615 806 1666 intra
824 1615 891 1668 lines
910 1629 982 1681 regni

62 1685 120 1736 mei
140 1683 262 1750 orientis,
282 1699 328 1751 per
344 1691 482 1734 aeternam
502 1685 658 1736 memoriam
677 1684 747 1752 Cyri,
761 1684 806 1752 qui
825 1683 982 1752 ademptum

61 1753 161 1806 Medis
174 1752 313 1822 Lydisque
331 1751 475 1819 imperium
493 1755 593 1820 primus
611 1753 637 1804 in
656 1751 792 1806 Persidem
807 1753 907 1805 intulit:
927 1754 982 1804 vin·

61 1822 157 1874 dicate
169 1822 207 1874 ab
219 1821 313 1873 ultimo
326 1820 457 1872 dedecore
471 1838 565 1874 nomen
585 1831 746 1890 gentemque
760 1821 906 1874 Persamm.
943 1821 982 1874 lte

61 1891 172 1944 alacres
185 1900 213 1944 et
225 1891 284 1960 spe⁹
295 1889 375 1960 pleni,
390 1900 425 1958 ut,
439 1907 526 1958 quam.
538 1891 648 1958 gloriam
660 1891 800 1960 accepistis
811 1907 828 1942 a
840 1891 983 1960 majoribus

61 1961 174 2030 vestris,
196 1960 309 2030 posteris
333 1958 492 2028 relinquatis.
536 1961 564 2012 ln
589 1959 689 2014 dextris
708 1959 802 2012 vestris
825 1957 882 2039 jam
906 1959 983 2012 liber·

63 2041 162 2099 tatem,
175 2047 264 2099 opem,
278 2045 354 2098 spent
367 2029 445 2080 lutari
464 2030 589 2099 temporis
606 2029 705 2096 geritis.
742 2027 844 2096 Effugit
861 2037 982 2098 mortem,

62 2099 190 2170 quisquis
202 2099 407 2168 contempserit:
427 2098 625 2152 timidissimum
639 2099 794 2168 quemquell
805 2097 981 2166 consequitur.

63 2171 128 2240 lpse
152 2186 205 2222 non
226 2167 309 2238 patrio
330 2183 402 2220 more
423 2167 516 2236 solum,
530 2168 577 2220 sed
598 2168 722 2234 etiamst
735 2167 853 2236 conspici
873 2168 980 2236 possim,

93 2270 100 2292 ¹
116 2263 206 2310 ‘Eren
218 2261 238 2307 is
245 2259 313 2308 there
325 2275 388 2306 were
401 2275 430 2306 no
442 2259 632 2320 well-grounded
644 2260 722 2318 hope!

93 2327 122 2352 '⁴
134 2321 200 2369 Like
210 2319 298 2380 kings!
311 2318 450 2388 δ(Ιιίῑεηιίἰχ,
464 2324 509 2386 ‘an
518 2321 596 2380 image
605 2319 633 2367 of
641 2320 739 2388 lipgm
757 2319 804 2368 See
814 2315 911 2377 Zumpt,
923 2318 980 2370 §8st

93 2386 103 2410 ¹
116 2379 226 2429 ‘Ualess
235 2378 302 2426 there
310 2394 330 2426 rs
338 2379 476 2438 something
485 2393 508 2425 rn
518 2394 565 2438 you
573 2379 590 2436 ;‘
603 2379 655 2426 that
664 2395 692 2434 rs.
703 2379 783 2428 unless
791 2394 839 2438 you
846 2378 907 2426 have
914 2393 981 2427 some

64 2455 162 2501 energy
173 2439 221 2486 and
231 2453 320 2497 power.
351 2436 410 2485 Nisi
419 2440 477 2496 quid
487 2440 602 2494 momenti,
611 2441 705 2487 virium.

94 2502 137 2547 ‘A
149 2497 258 2560 genitive
270 2496 388 2556 partitive.
415 2497 463 2544 ‘So
474 2496 509 2544 sar
519 2513 546 2545 as
556 2499 654 2558 regards
665 2499 706 2546 tha
717 2508 812 2559 greater
819 2505 871 2556 part
880 2497 909 2545 ol
915 2513 954 2546 me
963 2499 979 2554 3'

65 2559 119 2628 that
137 2557 170 2613 is,
189 2557 227 2604 liis
243 2555 338 2604 mother
348 2554 394 2603 and
405 2555 521 2612 children,
534 2557 616 2606 whom
631 2556 661 2608 he
678 2559 800 2606 considers
816 2573 843 2606 as
859 2573 873 2604 a
889 2557 980 2615 partos

65 2614 183 2757 bviiii}
193 2673 283 2722 vitale.¹
317 2673 366 2722 We
381 2673 459 2734 might
477 2688 530 2735 say,
548 2676 625 2724 under
639 2675 735 2726 similar.
746 2676 902 2728 excitement,
923 2679 980 2734 ‘my

66 2737 176 2842 he‘m'ilt'he
193 2808 276 2841 means
286 2792 315 2840 ol
326 2792 409 2852 living,
423 2792 501 2841 which
513 2794 572 2855 they
581 2795 654 2855 enjoy
664 2795 722 2855 only
731 2793 791 2842 from
803 2791 844 2840 the
854 2791 979 2852 clemency

66 2853 117 2902 and
128 2863 154 2901 at
166 2853 207 2900 the
219 2851 269 2900 will
280 2851 308 2899 of
319 2852 360 2900 the
371 2864 510 2912 conqueror.

97 2917 108 2940 ¹
121 2911 233 2960 ‘Whose
244 2912 385 2980 sovereigns
394 2911 452 2972 they
461 2927 531 2960 scorn
541 2913 627 2982 tolbe’·
657 2911 683 2961 Is
689 2927 728 2958 we
738 2909 794 2958 read
798 2910 941 2977 fastidiant,
952 2925 978 2959 aa

4 3041 5 3046 κ
67 2967 979 3086 ‘’¹⁰¹'tttllllttllltrl0‘efflat‘ta‘”lt⁸t⁸tlt¹tlt¹¹,‘,l2l

68 3047 127 3140 qqq
134 3089 208 3158 latter
215 3105 295 3158 seems
303 3065 364 3137 to⁹lre
373 3090 413 3136 the
421 3045 486 3138 misia
494 3046 587 3158 niiiural
593 3047 648 3157 irrep
653 3043 785 3158 oimshing
791 3087 833 3156 the
839 3096 978 3137 statement.

96 3155 107 3179 ⁸
122 3147 173 3197 Oro
181 3164 202 3196 ιι
211 3148 320 3203 omitted,
330 3148 375 3196 und
388 3149 428 3196 the
438 3165 487 3211 per,
499 3165 525 3198 es
534 3165 554 3196 rs
563 3149 633 3196 usual
642 3163 666 3194 rn
675 3147 815 3208 adjuration,
824 3162 844 3195 rs
853 3148 979 3207 separated

68 3209 131 3257 from
143 3208 186 3258 the
197 3208 349 3255 substantive
361 3208 440 3256 which
451 3209 467 3255 it
480 3223 598 3268 governs:
613 3223 657 3270 per
665 3209 721 3255 deor
729 3209 819 3269 patrios
829 3223 870 3270 ego
880 3224 920 3256 oon
928 3225 976 3265 oro,

69 3269 118 3316 dac.
153 3267 201 3326 See
214 3267 311 3326 Zumpt,
325 3266 466 3318 torreant
478 3270 528 3315 794.

96 3331 106 3357 ⁹
117 3327 177 3375 The
187 3326 256 3373 usual
267 3327 432 3374 construction
441 3325 558 3386 olplenus
568 3325 593 3372 in
605 3325 713 3382 Curtius,
725 3327 772 3374 and
783 3323 868 3374 indeed
879 3325 905 3372 in
914 3333 979 3374 most

69 3387 181 3440 '¹¹‘h⁰'⁰’
194 3385 215 3454 ³⁵
227 3385 285 3490 ,qs
297 3383 537 3491 ¹¹¹⁰st'l'³lt·s?3²
551 3385 765 3496 ‘silhiff'oi‘s
782 3384 899 3492 ggpps
911 3383 978 3432 ¹¹⁰*

69 3459 430 3564 equqpqpeqsqrqququq
440 3501 499 3550 with
510 3481 689 3563 {superlativa
702 3517 744 3554 see
756 3480 853 3562 Zumpt.
867 3499 881 3552 l
892 3503 944 3550 tto.
