2278 3846
160 249 215 307 m
329 295 334 334 ,
422 261 462 302 nn
485 261 592 304 oneris
613 261 795 304 auxonam.

155 375 278 444 frontem,
289 370 341 424 hoo
351 379 380 424 et
390 379 575 425 ornamentum
587 371 684 442 capitis
695 381 722 424 et
738 371 822 426 telum
835 381 885 424 est.
920 369 975 426 Sed
993 368 1066 424 lune

156 459 260 514 qnoque
274 449 385 510 gentem
402 441 475 494 idem
493 441 613 494 fortunae
631 442 747 512 impetus
763 441 874 495 domuit.
911 441 1010 510 ltaque
1019 439 1063 494 tn‘·

205 513 256 565 imo
267 511 318 580 die,
328 520 467 580 postquam
475 527 492 562 a
500 511 634 580 Persepoli
646 511 779 581 profectus
790 519 855 580 crat,
865 510 964 564 eodem
977 509 1061 564 rediit.

196 597 229 634 ua
247 579 346 633 deinde
365 580 462 634 amicis
480 579 629 650 ceterisque
649 597 694 649 pro
714 579 844 650 cujusque
865 581 961 632 merito
978 578 1060 632 dedit

155 649 348 720 Propemodum
360 648 457 718 omnia,
470 665 540 728 quae
552 650 578 702 in
591 665 623 702 ea
635 650 701 703 urbe
713 657 828 718 ceperat,
842 648 991 702 distributa.

190 723 231 772 22
249 719 372 774 Ceterum
382 719 501 788 ingentia
509 718 592 772 animi
600 719 675 798 bona,
685 719 756 772 illam
770 717 895 786 indolem,
904 735 959 786 qua
968 734 1061 770 omues

154 803 232 858 reges
241 788 392 855 antecessit,
406 788 479 841 illam
497 789 524 840 in
542 789 688 842 subeundis
699 787 825 868 periculis
835 788 1021 855 constantiam,
1033 788 1059 838 in

155 857 233 912 rebus
245 857 395 912 moliendie¹
407 857 609 927 efficiendisque
621 858 798 925 velocitatem,
812 859 837 910 in
851 857 958 909 deditos
970 857 1058 938 tidem,

153 929 180 981 in
192 929 312 998 captivos
323 927 502 995 clementiam,
519 928 546 980 in
557 927 736 996 voluptatibus
754 927 890 996 permissis
907 941 1017 994 quoque
1033 935 1060 978 et

153 997 257 1052 usitatis
266 997 475 1077 temperantiam,
486 995 557 1050 haud
570 996 699 1049 tolerabili
709 997 761 1048 vini
774 995 919 1064 cupiditate
932 994 1058 1048 foedavit

152 1067 234 1120 lloete
245 1077 272 1120 et
284 1066 391 1120 aemulo
401 1083 476 1136 regor
494 1073 632 1135 reparante
648 1064 839 1118 cummaxime¹
851 1065 962 1132 bellum,
978 1081 1060 1134 nuper

152 1136 269 1190 subactis
279 1151 346 1206 qnos
357 1136 465 1206 vicerat,
479 1151 629 1256 novumpue
648 1135 786 1204 imperium
798 1135 1013 1203 aspernantibus,
1027 1135 1060 1186 de

151 1205 208 1259 die’
219 1206 302 1259 inibat
312 1205 450 1258 convivia:
466 1204 564 1274 quibus
593 1207 698 1258 eminae
717 1205 866 1272 intererant,
880 1220 931 1256 nun
945 1203 1061 1272 'quidem

152 1275 317 1345 quasviolari
328 1274 405 1328 nefas
416 1285 494 1344 esset,
507 1273 605 1345 quippe
617 1273 734 1344 pellices,
748 1272 872 1326 licentius
884 1289 967 1341 qaam
982 1273 1060 1325 dece·

152 1344 197 1398 bet
208 1359 271 1398 cum
280 1353 383 1397 armato
395 1343 484 1397 vivere
496 1353 629 1397 assuetae.
666 1344 707 1396 En
725 1345 767 1396 bis
782 1359 834 1394 una
846 1342 938 1411 Thais,
952 1351 980 1394 et
994 1343 1061 1412 ipea⁴

151 1414 305 1482 temulenta,
318 1414 461 1466 maximam
479 1413 551 1482 apud
563 1429 657 1466 omnes
668 1414 783 1466 Graecos
802 1413 926 1466 initurum
945 1415 1060 1479 gratiam

151 1483 273 1552 affirmat,
293 1483 316 1536 si
336 1481 435 1550 regiam
460 1482 600 1536 Persarum
622 1481 745 1551 jussisset
767 1482 889 1534 incendi:
914 1492 1059 1550 expectere

152 1552 202 1604 lroc
219 1567 273 1621 eos,
291 1567 401 1619 quorum
421 1551 501 1604 urbes
519 1549 622 1605 barbari
642 1551 784 1605 delessent.
821 1551 899 1606 Ebrio
918 1559 1007 1602 scorto
1024 1550 1059 1602 de

151 1629 265 1674 tentare
277 1621 371 1672 ferenti
384 1621 544 1674 sententiam
555 1637 625 1674 unus
637 1630 663 1673 et
675 1621 749 1691 alter,
759 1630 786 1674 et
798 1621 849 1690 ipsi
860 1637 935 1673 mero
947 1620 1059 1724 onerati,

150 1691 334 1743 assentiuntur.
365 1690 421 1742 Rex
429 1705 534 1770 quoque
543 1691 643 1744 avidior
652 1689 708 1758 fuit,
719 1707 799 1760 quarn
808 1690 963 1760 patientior:
978 1690 1049 1749 Quin

150 1760 229 1829 igitur
241 1759 394 1813 ulciscimur
404 1760 552 1829 Graeciam,
566 1769 592 1814 et
605 1759 663 1814 urbi
675 1760 750 1813 faces
763 1759 921 1813 subdimus?
957 1761 1059 1813 Omnes

149 1828 313 1883 incaluerant
330 1845 419 1882 mero:
438 1828 528 1899 itaque
540 1839 650 1899 surgunt
660 1829 800 1884 temulenti
812 1828 846 1882 ad
858 1828 1059 1882 incendendam
1118 1840 1121 1844 ’

149 1899 251 1968 orbern,
270 1898 314 1952 cui
333 1899 428 1952 armati
448 1907 629 1970 pepercerant.
665 1899 769 1953 Primus
789 1915 835 1952 rex
856 1899 956 1968 ignem
968 1900 1059 1967 regiae

149 1967 247 2040 injecit,
260 1978 319 2022 tum
338 1968 466 2022 convivae
485 1978 512 2022 et
531 1968 644 2023 ministri
663 1968 836 2038 pellicesque.
871 1967 962 2021 Multa
976 1969 1058 2022 cedro

148 2037 291 2092 aedificata
302 2047 359 2092 erat
369 2039 456 2106 regia:
475 2053 543 2107 quae
561 2037 683 2091 celeriter
695 2038 757 2106 igne
769 2046 904 2108 concepto,
917 2037 973 2090 late
987 2037 1057 2092 ludit
1136 2065 1137 2084 2

148 2109 311 2162 incendium.
340 2107 417 2166 Quod
428 2107 473 2160 abi
485 2108 624 2177 exercitus,

148 2177 368 2247 bat⁸conspexit,
382 2175 517 2230 sonuimm
534 2180 612 2247 ratu's,
625 2124 660 2229 ald
671 2193 751 2247 opem
762 2176 899 2230 ferendam
913 2177 1056 2232 concurrit.

148 2217 201 2299 Sed
212 2254 241 2299 ot
252 2245 286 2298 ad
297 2245 461 2300 vestibulum
473 2245 562 2314 regiae
574 2255 685 2308 ventum
696 2256 745 2315 eet,
758 2245 848 2299 rident
862 2263 953 2314 regem
966 2248 1054 2317 ipsum

133 2313 237 2368 ⁴adbuc
253 2322 423 2382 aggerentem
441 2315 522 2370 faces.
558 2315 662 2369 Omissa
680 2315 764 2386 igitur,
775 2331 858 2385 qnam
876 2325 1053 2388 portaverant,

149 2399 227 2452 aqua,
240 2383 341 2435 aridam
351 2384 493 2436 materiem
505 2384 696 2440 inincendium
707 2385 960 2456 jaoerecoeperunt.
1132 2435 1134 2448 ,

184 2456 224 2504 2³.
243 2451 320 2504 Hunc
342 2451 445 2505 exitum
469 2452 561 2506 babuit
584 2454 657 2522 regia
681 2456 759 2508 totius
781 2453 900 2523 Orientis,
920 2455 993 2508 unde
1018 2464 1055 2509 tot
1133 2457 1134 2488 ³

147 2529 240 2592 gentes
257 2529 338 2574 antea
354 2519 412 2589 jura
429 2521 575 2592 petebant,l
591 2523 676 2593 patria
693 2532 731 2576 tot
750 2539 849 2594 regom,
863 2525 960 2577 unione
971 2542 1054 2594 quon·

166 2678 185 2743 ,¹
198 2671 405 2744 'Undertalring3’
422 2671 479 2732 only
491 2671 617 2732 employed
633 2673 658 2721 in
673 2673 793 2722 reference
809 2683 835 2721 to
849 2664 929 2722 affaire
945 2675 974 2722 of
984 2685 1053 2736 grem

146 2731 488 2801 difficaltyandrmportanoe.
727 2791 732 2800 Ι
806 2790 810 2800 Ι

173 2797 187 2824 ⁹
197 2790 282 2841 ‘With
293 2791 335 2840 the
345 2799 436 2860 mrumst
447 2790 547 2850 ripour!
560 2790 609 2860 ¹In
624 2800 766 2858 connection
780 2788 840 2839 wrth
855 2806 870 2838 a
884 2799 954 2840 tense
970 2793 999 2842 of
1010 2794 1052 2844 the

147 2860 201 2924 past
212 2859 375 2915 impermutata
386 2849 444 2898 here
454 2850 496 2904 the
567 2850 628 2910 ciple
643 2846 671 2898 of
682 2849 728 2898 the.
740 2849 882 2908 importem),
895 2859 947 2900 tour
955 2855 1053 2902 mesine

146 2908 763 3038 κ’π’ῠέῐῖῑέῗῖὲῗέτΐγῑὲῗΐίωᾳθιῗῐξίιιιιᾞὶιξὲῖίῑ
774 2983 846 3024 were,
862 2967 939 3038 ‘stole
956 2985 1052 3040 strepa

146 2983 638 3147 rr:tresfrrnurttrbnrrrrelr
651 3027 1051 3145 arrarmmraunr

657 2107 683 2160 ui
696 2105 768 2160 haud
781 2107 870 2176 procul
883 2107 949 2160 urbe
964 2107 1056 2161 tende·
1136 2123 1137 2158 1

146 3144 201 3205 day.
231 3143 262 3190 ln
275 3142 317 3190 the
333 3159 400 3193 mmo
415 3160 516 3193 manner
529 3144 749 3194 deaoctemusedr
766 3143 802 3192 for
817 3145 935 3202 instance,
947 3149 977 3194 de
986 3155 1051 3198 necte
1126 3147 1128 3206 ,l

146 3219 252 3311 Ἥ,
300 3204 385 3262 fictici,
401 3209 440 3252 ‘to
450 3203 506 3260 riae,
519 3212 557 3252 eet
567 3214 618 3260 out,
628 3203 711 3252 before
722 3204 862 3272 daybrealr.³

173 3267 184 3292 a
271 3267 348 3318 nm'pt‚
357 3262 432 3312 'toas
448 3263 517 3323 *Very
524 3261 633 3324 frequent
643 3263 702 3311 with
713 3261 820 3319 Curtius,
831 3273 873 3310 not
882 3263 942 3313 wirb
953 3263 1047 3314 Cicero.

174 3325 201 3362 ·.⁴
209 3319 354 3380 wupaorr’
387 3321 428 3368 An
438 3321 579 3380 expression
589 3321 617 3370 of
624 3322 767 3382 impatienoe
778 3321 825 3372 and
835 3321 1023 3382 quiolrvrosolve.

174 3377 340 3498 ‘Egp'ippllent
351 3381 625 3450 tri-eabtettorir'remt..
667 3439 695 3450 Η

145 3441 203 3544 bsh,
211 3495 276 3556 ,im
284 3435 497 3544 ffifffflhlflt’
512 3437 564 3488 tbot
578 3439 742 3497 immolemus
755 3439 785 3489 of
795 3440 862 3488 orbat
877 3439 938 3504 they
948 3457 1012 3491 were
1023 3453 1048 3492 to
