2294 3842
471 212 562 252 arsen
583 212 645 252 vrrr.
909 267 911 272 Α
951 198 1009 276 ‚²³³9

100 320 190 390 parsit,
202 319 272 374 alius
283 337 318 374 ne
330 320 444 389 simplici
455 321 564 389 quidem
577 330 661 374 morte
678 321 820 376 defunctus
836 328 885 374 est.
922 321 1010 380 Duces

100 390 267 442 exercituum
285 399 389 442 tuorum
408 390 435 442 in
448 389 603 459 equuleum¹
616 391 737 459 impositi,
752 391 847 458 Persis,
860 407 926 459 quos
939 392 1009 442 vice·

99 467 165 528 rant,
185 459 260 512 fuere
278 459 439 529 spectaculo.
475 459 615 512 Parmenio
640 460 737 512 indicta
760 477 842 512 causa
865 459 1010 514 trucidatus

96 535 145 597 est,
160 545 210 606 per
223 546 304 598 quem
317 529 437 582 Attalum
450 529 593 582 occideras.
631 530 749 582 Invicem
768 529 839 582 enim
852 531 1007 582 miserorum

96 607 181 650 uteris
199 598 324 651 manibus
341 599 374 650 ad
394 599 544 667 expetenda
567 599 704 668 supplicia,
724 607 749 650 el
767 615 833 666 quos
851 598 928 667 paulo
947 610 1008 650 ante

95 668 234 719 ministros
257 667 350 720 caedis
374 667 498 736 habuisti,
521 669 608 720 subito
632 669 666 720 ab
688 667 750 719 aliis
772 667 851 735 jubes
874 669 1007 720 trucidari.

95 737 258 806 Obstrepunt
289 737 402 791 subinde
432 737 521 790 cuncti
553 737 702 804 Hermolao,
734 746 809 806 pater
842 739 1008 805 supremurn²

94 807 237 860 strinxerat
255 806 363 870 ferrum,
376 823 549 876 percussurus
566 807 637 860 haud
655 807 744 875 dubie,
758 807 785 858 ni
798 805 925 859 inhibitus
937 819 1007 858 esset

93 895 109 926 a
122 893 201 944 rege:
222 877 321 946 quippe
333 877 505 930 Hermolaum
518 877 606 928 dicere
619 876 703 946 jussit,
717 875 852 944 petiitque,
866 886 894 928 ut
913 893 1007 928 causas

91 946 220 1014 supplicii
233 954 376 1015 augentem
389 947 519 1014 patienter
531 945 661 998 audirent.

128 1019 171 1066 25.
192 1018 281 1083 Aegre
293 1033 355 1084 ergo
368 1016 495 1084 coercitis,
510 1031 597 1068 rursus
615 1013 787 1068 Hermolaus:
808 1014 896 1073 Quam
914 1014 1006 1067 libera·

92 1084 160 1148 liter,
183 1085 276 1153 inquit,
298 1085 387 1154 pueris
406 1085 515 1138 rudibus
538 1084 573 1136 ad
593 1083 740 1138 dicendum
758 1101 837 1152 agere
855 1085 1003 1204 permittis!

90 1161 119 1206 at
144 1153 315 1208 Callisthenis
338 1172 390 1206 vox
412 1171 518 1208 carcere
542 1154 645 1207 inclusa
668 1163 717 1223 est,
736 1155 799 1222 quia
826 1171 898 1205 sons
920 1163 1006 1223 potest

90 1223 193 1276 dicere.
230 1224 282 1279 Cur
305 1223 379 1276 enim
396 1241 449 1276 non
467 1223 626 1294 producitur,
646 1239 708 1276 cum
726 1224 808 1276 etiam
827 1222 942 1276 confessi
961 1241 1005 1276 au·

90 1293 233 1345 diunturl³
261 1311 360 1362 nempe
391 1293 454 1363 quia
483 1293 592 1348 liberam
618 1310 712 1346 vocem
742 1293 890 1346 innocentis
912 1293 1005 1346 audire

90 1363 200 1430 metuis,
225 1379 257 1414 ac
281 1363 430 1417 nevultum
455 1362 565 1430 quidem
589 1363 694 1432 pateris.
735 1363 818 1432 Atqui
846 1362 913 1414 nihil
943 1380 1004 1415 eum

90 1431 193 1484 fecisse
212 1433 350 1485 contendo.
386 1433 451 1486 Sunt
469 1432 520 1501 hio,
534 1433 579 1502 qui
599 1450 706 1486 mecum
725 1448 781 1486 rem
800 1431 1005 1502 pulcherrimam

90 1501 292 1570 cogitaverunt:
317 1519 396 1554 nemo
420 1511 468 1570 est,
488 1503 534 1570 qui
558 1503 695 1555 conscium
719 1501 802 1556 fuisse
821 1503 896 1555 nobis
915 1502 1005 1565 Callis-

91 1572 192 1624 thenen
212 1570 290 1641 dieat,
303 1589 367 1624 cum
379 1571 457 1624 morti
474 1571 538 1626 olim
557 1571 705 1625 destinatus
724 1574 767 1624 sit⁴
784 1589 801 1623 a
817 1570 966 1642 justissimo
980 1583 1005 1624 et

90 1641 286 1710 patientissimo
310 1658 380 1709 rege.
417 1641 492 1693 llaec
515 1657 576 1710 ergo
600 1651 661 1694 sunt
678 1641 859 1696 Macedonum
878 1641 1004 1710 praemia,

88 1727 203 1778 quorum
229 1719 257 1762 ut
279 1727 445 1779 supervacuo
468 1719 495 1762 et
519 1711 622 1763 sordido
646 1711 764 1764 abuteris
788 1728 817 1764 su
856 1709 931 1764 uine!
970 1715 1005 1764 Ar

90 1780 140 1832 tibi
167 1781 240 1832 XXX
269 1781 344 1832 milia
372 1780 505 1833 mulorum
528 1782 662 1850 captivum
686 1797 781 1834 aurum
810 1797 843 1832 ve
866 1791 918 1848 unt,
943 1797 1004 1834 oum

89 1849 194 1902 milites
218 1849 281 1902 nihil
309 1849 420 1904 domum
444 1860 548 1919 praeter
570 1849 700 1916 gratuitas
723 1849 872 1901 cicatrices⁵
897 1849 1004 1902 relaturi

88 1919 151 1972 sint.
189 1919 265 1977 Quae
283 1927 374 1972 tamen
391 1920 480 1974 omnia
504 1919 616 1972 tolerare
635 1918 776 1987 potuimus,
795 1928 937 1987 antequam
958 1937 1005 1970 nos

88 1989 212 2041 barbaris
224 1988 345 2056 dederes,
358 1998 386 2042 et
397 2003 464 2042 novo
478 2005 550 2042 more
563 1989 677 2043 victores
695 1987 745 2040 sub
763 1985 857 2056 jugum
875 1987 1003 2040 mitteres.

88 2058 232 2128 Persarum
252 2069 279 2112 te
297 2059 380 2112 vestis
396 2067 424 2110 et
441 2057 580 2129 disciplina
598 2057 722 2124 delectat,
735 2056 834 2125 patrios
853 2073 940 2108 mores
960 2074 1004 2110 ex·

87 2145 152 2180 osus
171 2129 221 2181 es.⁶
256 2129 397 2182 Persarum
415 2145 486 2196 erga,
500 2145 551 2180 non
569 2127 759 2194 Macedonum,
774 2141 864 2193 regem
883 2125 1004 2178 cocidere

89 2198 234 2267 voluimus,
261 2207 288 2250 et
312 2209 338 2250 te
362 2197 527 2266 transfugam
552 2196 615 2250 belli
644 2195 703 2266 jure
727 2197 918 2264 persequimur.
962 2195 1003 2248 Tu

89 2267 259 2320 Macedonas
277 2267 383 2320 voluisti
406 2285 494 2335 genua
518 2265 566 2318 tibi
590 2283 696 2336 ponere,
723 2265 896 2344 venerarique
922 2273 949 2318 te
976 2275 1003 2318 ut

88 2336 188 2390 deum:
215 2346 243 2389 tu
268 2336 420 2406 Philippum
440 2345 543 2406 patrem
568 2336 705 2405 aversaris,
727 2343 755 2387 et
773 2335 795 2388 si
813 2351 875 2404 qurs
892 2335 1003 2388 deorum

88 2416 152 2458 ante
170 2407 268 2460 lovem
291 2406 441 2474 haberetur,
461 2404 594 2458 fastidires
612 2406 694 2460 etiam
714 2406 818 2458 lovem.
855 2404 968 2474 Miraris,
982 2406 1003 2456 si

89 2477 168 2529 liberi
182 2475 308 2528 homines
320 2475 473 2545 superbiam
491 2484 564 2528 tuam
582 2474 651 2528 ferre
670 2492 721 2528 non
740 2475 899 2544 possumusl
935 2475 1003 2546 Quid

90 2563 233 2614 speramus
251 2562 285 2597 ex
305 2555 339 2614 te,
354 2545 451 2614 quibus
470 2553 516 2597 aut
536 2545 683 2598 insontibus
701 2543 868 2597 moriendum
888 2555 936 2611 est,
949 2554 1002 2613 aut,

23 2673 27 2676 ,
89 2615 164 2684 quod
178 2615 278 2668 tristius
290 2623 374 2668 morte
386 2623 435 2682 est,
449 2615 476 2667 in
488 2617 614 2667 servitute
626 2613 791 2668 vivendum?
826 2615 868 2665 Tu
886 2613 1002 2682 quidem,

90 2685 114 2738 si
134 2684 274 2738 emendari
287 2693 369 2752 potes,
383 2684 498 2736 multum
513 2684 579 2737 mihi
592 2684 685 2736 debes.
722 2683 764 2736 Ex
781 2697 825 2734 me
845 2683 916 2734 enim
936 2682 1004 2732 scire

90 2755 210 2822 mcpisti,
225 2753 288 2822 qnid
307 2753 415 2820 ingenui
434 2753 557 2806 homines
569 2753 625 2806 fere
643 2769 695 2806 non
713 2752 820 2820 possint.
857 2749 897 2801 De
916 2761 1004 2802 cetero

90 2839 180 2892 parce,
195 2839 309 2892 quorum
327 2823 418 2874 orbam
438 2832 606 2876 senectutem
623 2821 761 2890 suppliciis
779 2835 814 2871 ne
826 2819 976 2872 oneraveris
987 2822 1004 2870 :⁷

121 2925 205 2974 ¹Thar
217 2927 247 2984 is,
259 2927 301 2974 the
313 2927 370 2974 reelr
382 2936 406 2974 to
419 2927 498 2974 which
510 2927 578 2974 those
590 2926 646 2973 who
657 2937 721 2971 were
738 2931 763 2970 to
779 2923 809 2969 be
821 2921 928 2969 tortured
940 2938 1003 2970 were

90 2985 186 3092 boppq,
198 3044 262 3102 lust‚’
276 3059 306 3092 an
317 3045 413 3092 adverb.
446 3045 492 3092 See
507 3045 586 3091 Grcm.
599 3042 612 3092 l
625 3045 676 3092 109.
689 3049 745 3089 note
757 3044 777 3088 1.

120 3109 130 3133 ³
141 3109 147 3130 ‘
158 3103 233 3160 Now,
246 3103 318 3150 when
329 3119 390 3152 even
401 3104 471 3152 those
481 3103 535 3150 who
546 3103 607 3149 have
619 3099 746 3148 confessed
756 3099 850 3148 receive
861 3115 875 3148 a
886 3099 1001 3162 hearing!

94 3164 155 3212 Cum
165 3177 293 3221 expresses
304 3162 361 3210 here
372 3163 457 3268 purelp
468 3163 534 3209 time.

119 3229 129 3252 ⁴
141 3229 147 3249 ‘
157 3221 264 3282 Tho'ugh
276 3222 305 3268 be
317 3221 360 3269 has
371 3221 431 3269 sora
451 3235 499 3280 ong
509 3221 567 3267 time
578 3221 641 3267 been
651 3216 753 3266 doomed
764 3227 790 3268 to
800 3218 890 3267 death!

121 3291 129 3314 ⁵
141 3287 147 3308 ‘
157 3281 322 3329 Unrcwarded
333 3281 414 3328 soars’

119 3341 161 3387 εΑ
173 3339 346 3408 strengthened
356 3338 496 3398 expression
506 3337 542 3386 for
552 3339 632 3394 oduei,
648 3337 719 3386 ‘thou
735 3338 815 3387 hatest
823 3338 839 3386 ι’
858 3353 940 3388 meus
956 3337 1003 3384 und

97 3416 194 3462 perosus
206 3407 269 3446 ernst
281 3399 337 3457 only
348 3415 374 3446 cs
385 3397 530 3457 participles.

121 3463 129 3486 ¹
140 3459 189 3506 ‘As
201 3467 228 3506 to
237 3457 279 3506 the
290 3467 348 3514 rest,
361 3471 430 3518 spere
442 3456 511 3505 those
524 3455 606 3506 whose
617 3455 731 3506 childless
747 3456 788 3506 old
803 3471 848 3517 ege
859 3454 918 3504 thou
933 3465 1002 3505 oaust
