2294 3842
147 185 206 244 2⁴0
413 200 452 243 us
476 201 580 242 essars
600 201 785 244 assxsrrom.

147 309 257 366 Menses
267 311 294 366 iu
304 309 399 382 quinos
410 310 494 364 denos
505 309 699 382 descripserunt
711 311 777 381 dies,
790 311 854 366 anui
871 311 952 382 plena
960 309 1055 390 spatia

146 390 290 434 serrantur.
326 380 418 433 Lunae
438 397 516 434 eursu
537 388 626 434 notant
647 389 773 450 tempora,
794 397 853 448 non,
874 387 904 433 ut
925 379 1050 450 plerique,
1133 421 1134 424 ,

145 466 208 503 cum
227 449 319 503 orbem
342 449 416 503 sidus
438 449 567 519 implevit,
588 449 635 504 sed
655 467 718 503 oum
738 467 767 505 se
786 466 898 502 curvare
918 451 1006 519 coepit
1025 451 1052 512 in

145 535 249 588 cornua,
274 528 301 571 et
324 519 421 572 idcirco
445 519 579 572 breviores
602 519 701 572 habent
726 536 842 585 menses,
866 519 951 588 quis
989 519 1052 574 tium
1133 557 1134 564 η

145 604 237 642 comm
256 588 290 641 ad
309 588 380 642 huuc
399 589 478 642 lunas
498 588 607 642 modum
626 589 760 656 dirigunt.1
794 588 925 642 Multaet
965 590 1052 645 iatra-
1133 611 1134 660 t

145 657 249 727 duntur,
273 658 371 727 quibus
393 657 487 710 morari
510 657 629 712 ordinem
653 673 740 710 rerum
763 657 834 712 haud
858 675 924 731 saue
948 659 1053 730 operae²
1133 669 1134 720 ζ

145 725 323 864 Vllllalgllur
333 796 483 850 Alexandro
496 795 563 848 fines
575 795 666 849 Indiae
683 795 800 864 ingresso
811 796 932 864 gentium
945 813 1054 850 suarum
1133 787 1134 836 ἶ

144 865 228 936 reguli
240 875 416 935 occurrerunt,
430 865 559 934 imperata
578 865 679 933 facturi,
694 865 769 919 illum
781 866 886 918 tertium
900 867 969 920 Jove
979 866 1052 933 geni·
1133 867 1134 918 i

145 944 201 988 tum
213 935 247 988 ad
260 935 330 1004 ipsos
341 935 493 1004 pervenisse
503 944 697 990 memorantes:
718 935 823 988 Patrem
833 934 960 988 Liberum
969 935 1054 1004 ‘atque
1133 951 1134 1018 ,

144 1005 286 1058 Herculem
300 1005 372 1057 lama
384 1003 502 1072 cognitos
515 1004 596 1083 esseest
605 1005 691 1073 ipsum
706 1021 793 1058 coram
807 1004 904 1056 adesse
916 1005 1053 1072 cernique.
1133 1021 1134 1052 i

145 1073 202 1128 Rex
220 1073 333 1142 benigne
351 1082 476 1143 exceptos
493 1089 568 1142 sequi
586 1073 671 1142 yussit,
686 1071 781 1126 iisdem
797 1073 923 1126 itinerum
938 1073 1054 1128 ducibus
1132 1085 1134 1116 ³

147 1159 247 1195 usurus.
283 1143 408 1196 Ceterum
427 1159 488 1195 cum
509 1141 623 1211 amplius
643 1157 721 1194 nemo
739 1151 893 1210 occurreret,
916 1141 1054 1210 Hephaes·
1133 1147 1134 1166 ³

145 1213 244 1265 tionem
256 1221 283 1264 et
296 1212 449 1265 Perdiccam
468 1229 530 1264 cum
548 1211 682 1280 copiarum
698 1220 771 1280 parte
784 1211 922 1279 praemisit
934 1211 970 1264 ad
983 1211 1053 1264 suhi·
1133 1205 1134 1224 ¹

163 1281 251 1349 andos,
276 1281 322 1350 qui
344 1291 527 1334 aversarentur
551 1280 708 1349 imperium:
737 1279 867 1348 jussitque
891 1281 927 1332 ad
951 1281 1054 1343 flumen
1133 1319 1134 1352 ,

144 1297 239 1402 lndum
259 1349 407 1418 procedere,
424 1358 449 1400 et
470 1349 574 1416 navigia
592 1349 688 1418 lacere,
706 1351 766 1417 quis
785 1349 811 1402 in
830 1349 953 1402 ulteriora
972 1359 1053 1402 trans·¹
1133 1353 1134 1372 ¹

144 1419 237 1488 portari
257 1427 345 1486 posset
363 1419 502 1470 exercitus.
540 1418 589 1486 Illi,
603 1419 665 1486 quia
683 1418 757 1486 plura
775 1417 886 1470 flumina
902 1417 1054 1488 superanda

144 1497 208 1554 erat,
222 1487 260 1539 sic
276 1487 386 1556 junxere
399 1503 487 1554 naves,
500 1496 529 1539 ut
542 1487 642 1540 solutae
655 1487 777 1556 plaustris
789 1486 852 1540 vehi
868 1497 985 1556 possent,
998 1505 1053 1542 rur,
1133 1543 1134 1554 ,

144 1573 241 1624 susque
253 1555 383 1625 conjungi.
421 1557 481 1608 Post
494 1573 523 1608 se
536 1556 641 1608 Cratero
653 1573 715 1610 cum
728 1555 858 1624 phalange
876 1556 951 1625 jusso
966 1555 1051 1626 sequi,
1133 1581 1134 1588 ¹

143 1625 290 1693 equitatum
309 1642 341 1677 so
359 1625 446 1678 levem
462 1635 623 1678 armaturam
641 1625 739 1692 eduxit,
754 1642 859 1695 eosque,
873 1626 920 1694 qui
932 1641 1052 1680 occurre·

144 1703 209 1764 tant,
223 1693 275 1746 levi
293 1693 391 1762 proelio
409 1695 435 1747 io
448 1695 540 1748 urbem
555 1695 702 1764 proximam
714 1695 848 1763 compulit.
885 1695 948 1748 Jam
961 1711 1052 1764 super·

144 1772 252 1815 venerat
276 1764 405 1817 Craterus.
450 1765 542 1833 ltaque
567 1772 596 1816 ut
619 1763 745 1833 principio
769 1777 894 1816 terrorem
919 1765 1054 1819 incuteret

143 1833 215 1902 genti
234 1834 351 1886 nondum
368 1849 442 1886 arma
460 1834 639 1888 Macedonum
658 1849 691 1886 ex
729 1842 791 1901 rtae,
805 1832 942 1902 praecipit,
955 1851 991 1886 ne
1008 1835 1052 1888 cui

143 1913 301 1972 parceretur,
315 1903 486 1956 munimentis
499 1902 578 1973 urbis,
592 1919 700 1972 querno
720 1901 831 1969 sidebat,
846 1903 972 1956 incensis.
1004 1903 1052 1956 ffl-

145 1983 229 2024 terum
253 1972 317 2026 dum
340 1973 484 2042 obequitat⁴
508 1972 654 2037 moenibus,
679 1972 773 2040 sagitta
796 1971 865 2022 ictus
888 1981 939 2024 est.
976 1971 1052 2042 Cepit

143 2049 233 2094 tamen
246 2043 379 2112 oppidum,
393 2050 420 2094 et
438 2041 561 2094 omnibus
579 2041 670 2094 incolis
687 2039 746 2109 ejus
764 2039 908 2108 trucidatis,
923 2042 1008 2094 etiam
1023 2040 1052 2094 iu

142 2119 214 2164 tecta
227 2113 358 2170 saevitum
370 2122 419 2164 est.
720 2149 724 2154 ⁴

178 2184 218 2230 35.
237 2180 302 2232 Inde
314 2180 414 2232 domita
428 2179 533 2247 ignobili
551 2187 639 2250 geute,
652 2178 685 2230 ad
697 2179 800 2248 Nysam
813 2177 907 2234 urbem
920 2177 1050 2248 pervenit.

144 2247 221 2300 Forte
235 2249 327 2302 castris
338 2259 399 2302 ante
412 2249 469 2318 ipsa
483 2249 586 2302 moenia
599 2249 623 2301 in
637 2247 748 2300 silvestri
764 2247 820 2300 loco
833 2249 933 2318 positiS,
948 2257 1050 2302 noctur·

79 2325 82 2330 '
143 2332 207 2368 num
221 2315 302 2383 frigus
314 2317 499 2371 vehementius
517 2335 597 2387 quam
615 2317 682 2369 alias
700 2317 802 2369 horrore
820 2333 929 2388 corpora
946 2317 1047 2386 affecit,

143 2394 370 2454 opportunumque
384 2386 530 2439 remedium
546 2387 623 2454 ignis·
634 2385 751 2440 oblatum
764 2395 812 2438 est.
830 2416 833 2422 ·
848 2387 941 2439 Caesis
952 2387 1051 2456 quippe

143 2453 215 2505 silvis
232 2453 370 2508 flammam
387 2455 575 2520 excitaverunt,
591 2472 668 2524 quae,
685 2456 738 2524 igni
756 2454 839 2522 alita,⁰
856 2456 1050 2526 oppidanorum

88 2542 91 2558 ‘
141 2533 266 2601 *sunsit
284 2552 352 2601 luuar
368 2554 466 2602 months
485 2570 524 2603 are
542 2555 716 2614 consequently
734 2555 775 2602 the
794 2555 848 2602 hell
860 2555 889 2602 of
903 2569 968 2602 ours.
1001 2555 1051 2604 We

143 2613 233 2661 reckon
248 2611 309 2661 srom
324 2627 369 2662 one
385 2612 429 2661 full
444 2629 515 2662 moon
529 2623 554 2661 to
565 2615 605 2662 the
617 2624 684 2670 next,
697 2613 755 2682 they
765 2613 826 2662 from
837 2613 878 2661 the
889 2613 941 2662 first
953 2623 1051 2674 quarter

143 2682 169 2720 to
179 2672 220 2720 the
231 2672 286 2729 last,
299 2673 357 2720 then
367 2672 429 2741 from
436 2673 478 2720 the
488 2672 535 2721 last
546 2683 571 2720 to
582 2673 623 2720 the
632 2673 684 2721 first
695 2689 772 2741 again,
785 2672 832 2720 and
842 2687 870 2720 so
881 2687 920 2740 on.

168 2731 236 2801 JEst
247 2749 327 2796 operae
338 2732 463 2804 according
474 2741 499 2780 to
512 2732 591 2803 Grion
603 2732 683 2817 §27‘95
699 2737 730 2779 ‘rt
742 2747 763 2779 rs
774 2731 850 2778 worth
863 2731 958 2836 Whssle’l
968 2731 1048 2780 other.

142 2790 1002 2956 ”thtztzttthlttt‘ptstffattunt?attrahuntur,
1018 2850 1051 2908 sy

142 2908 184 2956 the
196 2909 308 2978 Greeksp
325 2909 383 2964 still,
401 2925 431 2978 in·
441 2909 482 2957 the
512 2909 582 2958 ndran
598 2908 749 2968 mythology,
761 2923 786 2955 m
796 2907 837 2955 the
849 2906 1009 2966 descriptione
1021 2907 1048 2956 ol
1133 2947 1134 2978 ,

143 2967 184 3016 the
195 2977 354 3016 incamatrons
365 2968 393 3017 ol
401 2968 504 3024 Vrshnu,
518 2984 554 3015 we
569 2967 625 3016 read
636 2967 664 3014 ol
676 2968 716 3014 the
732 2965 833 3036 sonsnol
844 2965 905 3028 gods
916 2966 972 3014 who
983 2981 1048 3016 wau·
1133 2979 1134 3030 g

142 3025 284 3131 depegsoygr
290 3026 490 3134 dhlrrwghlhhruolhl
500 3025 715 3134 perfortmeddgreult¹
723 3025 834 3134 exhplotts.
881 3092 890 3130 t
968 3083 991 3132 G
1132 3045 1134 3058 ⁴

144 3143 292 3196 §mmm
348 3121 353 3142 ‚
491 3101 628 3146 ycousrue
656 3097 697 3134 wit
734 3095 954 3146 represeu‚ses
991 3101 1049 3134 m.

173 3210 181 3234 ¹
194 3201 264 3250 ‘'l'he
275 3202 374 3273 remedy
385 3202 413 3250 os
423 3203 465 3252 fire
474 3205 490 3261 ς’
503 3203 554 3252 that
566 3204 595 3260 is,
608 3203 660 3260 fire,
673 3203 713 3251 the
730 3217 813 3272 means
827 3201 855 3250 of
866 3201 1050 3263 countsractiog

143 3261 184 3310 the
192 3261 256 3330 cold.
288 3260 356 3324 Ignis
367 3277 392 3329 rs.
399 3263 464 3310 what
475 3279 512 3310 we
525 3279 581 3323 may
592 3262 638 3311 oall
654 3261 694 3310 the
710 3261 832 3310 definitive
847 3277 875 3309 or
889 3260 1050 3322 explanatory

142 3330 260 3444 ,gellt'lllle
270 3320 594 3444 {aageygrgssgretgdssssrrphg
602 3325 671 3438 llll}
684 3381 796 3436 because,
809 3393 837 3428 so
847 3376 905 3440 long
915 3394 943 3428 es
954 3378 995 3428 the
1006 3377 1049 3428 dre

143 3448 163 3480 rs
174 3435 232 3493 kept
245 3437 355 3496 bummg,
368 3433 409 3482 the
421 3434 492 3484 flama
502 3451 581 3496 grows
592 3440 638 3487 and
649 3437 756 3498 spreads.
