2294 3842
501 177 594 219 trusa
614 177 644 216 x.
966 161 1024 216 ³⁰5

113 295 223 340 metuo:
243 285 332 356 palam
350 293 422 338 certe
441 285 548 355 rupistis
565 283 714 363 imperium,
728 292 754 336 et
769 284 885 354 precario
898 301 1022 366 retusum,

112 357 158 420 cui
177 372 229 408 non
248 354 407 425 alloquendi,
421 371 472 406 non
489 355 623 407 noscendt¹
643 353 820 422 monendique
838 363 883 408 aut
902 355 1022 424 intuendi

113 443 163 478 vos
174 425 218 497 jus
230 425 380 494 reliquistis.
416 423 550 493 Equidem
568 441 631 476 cum
642 424 708 494 alios
720 421 852 476 dimittere
865 424 891 476 in
903 425 1022 494 patriam,

114 495 181 548 alios
200 511 307 547 mecum
321 493 399 564 paulo
446 502 469 545 st
481 493 630 562 deportare²
642 492 786 560 statuerim,
801 502 856 545 tam
869 493 927 546 illos
939 494 1023 546 accla-

114 574 223 618 mantes
235 564 321 633 video,
335 563 378 643 qui
397 581 413 616 a
434 563 493 616 ituri
506 570 574 632 sunt,
587 577 669 632 quam
687 561 742 631 bos,
755 578 817 614 curn
836 562 933 631 quibus
951 581 1023 633 prae·

114 634 212 686 missos
225 633 352 702 subsequr
370 632 457 685 statui.
492 630 563 694 Quid
582 631 631 684 hoc
650 640 690 684 est
710 631 765 682 teil
784 631 880 700 dispari
900 633 924 684 in
943 649 1024 686 cause

114 703 189 757 idem
208 703 330 755 omnium
343 701 440 756 clamor
453 700 509 753 est!
548 701 680 755 Pervelim
693 700 767 768 scire,
781 709 869 753 utrum
882 703 926 770 qui
940 703 1024 754 disce·

114 771 188 842 dunt,
203 789 236 824 an
251 773 297 841 qui
310 771 461 840 retinentur,
474 769 509 822 de
522 787 566 822 me
578 778 729 840 querantur.
765 769 893 822 Crederes
912 788 962 823 uno
980 787 1024 823 cre

86 881 88 885 -
114 859 212 896 omnes
235 841 373 894 sustulisse
396 840 548 908 clamorem,
574 841 610 892 ita
632 841 730 911 pariter
759 855 793 891 ex
822 847 875 892 tcta
904 841 1024 894 contione

114 929 272 980 responsum
286 919 334 980 est,
348 927 441 962 omues
453 908 537 979 queri.

152 987 191 1032 10.
211 980 283 1032 Tum
301 979 354 1049 ille,
368 988 428 1031 non·
438 977 553 1046 hercule,
567 978 658 1048 inquit,
672 986 757 1048 potest
770 977 834 1048 fieri,
848 986 877 1032 ut
889 977 1026 1048 adducar,³

113 1049 246 1123 querendi
265 1049 343 1102 simul
362 1048 485 1101 omnibus
502 1047 571 1100 banc
583 1065 692 1101 causam
705 1065 772 1117 esse,
785 1065 866 1116 quam
878 1047 1023 1117 ostenditis,

114 1120 140 1172 in
165 1137 219 1199 qua
242 1117 325 1188 major
347 1135 408 1187 pars
431 1117 564 1170 exercitus
586 1133 637 1170 non
660 1125 707 1184 est,
730 1126 820 1186 utpote
844 1119 916 1171 cum*
934 1117 1025 1187 plures

114 1188 272 1256 dimiserim,
317 1204 378 1240 uam
403 1193 551 1239 retenturus
573 1203 642 1238 sum.
686 1185 780 1238 Subest
803 1187 928 1240 nimirum
945 1186 1026 1240 altius

112 1257 226 1326 malum,
246 1205 316 1326 quod
328 1273 421 1310 omnes
433 1257 527 1308 avertit
539 1273 555 1322 a
567 1273 618 1309 me.
653 1255 763 1312 Quando
782 1257 853 1310 enim
866 1273 956 1324 regern
968 1256 1025 1308 uni·

78 1371 80 1375 ,
113 1344 208 1380 versus
226 1325 343 1378 deseruit
355 1325 505 1378 exercitusl
541 1327 583 1378 Ne
601 1325 670 1378 servi
687 1324 796 1394 quidem
808 1342 859 1378 uno
871 1343 950 1394 grege
969 1342 1025 1395 pro·

112 1395 220 1464 fugiunt
233 1395 360 1463 dominos,
374 1391 421 1448 sed
434 1394 596 1464 estquidam
609 1397 636 1448 in
648 1394 699 1447 illis
711 1395 792 1475 pudor
804 1411 820 1446 a
832 1395 927 1448 ceteris
944 1394 1024 1448 desti·

112 1475 185 1520 tutos
199 1465 372 1534 relinquendi.
408 1465 508 1518 Verum
528 1481 577 1532 ego
597 1473 651 1518 tam
670 1463 786 1517 furiosae
809 1463 1043 1525 consternationis,

112 1536 220 1603 oblitus,
235 1534 355 1587 remedia
368 1533 559 1587 insanabilibus
571 1551 650 1586 conor
661 1534 798 1588 adbibere.
834 1535 949 1588 Omnem
967 1533 1024 1586 ber·

112 1606 174 1659 culs
188 1622 273 1674 spem,
286 1621 367 1674 quam
385 1621 420 1656 ex
439 1602 515 1655 vobis
532 1619 715 1674 conceperam,
728 1603 833 1673 damno,
847 1621 897 1657 nec
917 1612 945 1656 ut
963 1619 1025 1656 curn

112 1673 244 1728 militibus
257 1675 332 1741 meis,
344 1672 399 1744 jam
413 1672 486 1727 enim
499 1689 558 1724 esse
571 1673 684 1742 desistis,
698 1673 744 1725 sed
764 1682 793 1726 ut
811 1690 873 1726 cum
886 1673 1025 1742 ingratissi-

111 1745 167 1797 mis
178 1743 276 1812 operis⁶
287 1759 366 1812 agere
379 1741 495 1794 decrevi.
526 1741 654 1794 Secundis
664 1742 748 1810 rebus,
758 1758 827 1811 quae
837 1743 1025 1795 circumfluunt

112 1831 168 1882 vos,
195 1813 308 1865 insanire
332 1812 465 1891 coepistis,
490 1811 562 1864 obliti
588 1819 672 1863 status
700 1809 766 1882 ejus',
790 1827 872 1880 quem
897 1812 1025 1865 beneficio

112 1881 226 1936 exuistis
239 1899 307 1951 meo,
320 1881 392 1949 digni
410 1879 529 1949 hercule,
539 1879 585 1950 qui
599 1881 626 1933 iu
638 1880 734 1933 eodem
746 1881 948 1950 consenescatis,
962 1896 1024 1950 quo·

111 1953 187 2006 niam
197 1951 309 2008 facilius
330 1960 370 2003 est
388 1949 465 2003 vobis
488 1949 637 2020 adversam,
656 1966 738 2019 quam
763 1949 909 2002 secundam
934 1966 1025 2016 regere

112 2022 256 2075 fortunam.
294 2021 335 2074 En
348 2019 472 2074 tandem!
505 2019 652 2088 lllyriorum
664 2018 743 2089 paulo
755 2028 817 2072 ante
838 2028 864 2071 et
885 2020 1025 2072 Persarum

113 2090 257 2144 tributariis
275 2091 340 2143 Asia
360 2099 387 2142 et
409 2098 444 2142 tot
464 2090 583 2158 gentium
604 2088 686 2158 spolia
707 2088 813 2140 fastidio
836 2097 905 2141 sunt.
942 2088 1026 2140 Modo

112 2161 163 2213 sub
176 2159 297 2228 Philippo
311 2160 458 2212 seminudis
475 2158 591 2211 amicula
609 2175 643 2211 ex
660 2175 774 2227 purpura
793 2158 919 2228 sordent,⁶
930 2175 1026 2210 aurum

112 2239 140 2282 et
161 2239 302 2298 argentum
321 2229 390 2281 oculi
411 2228 479 2281 ierre
499 2244 549 2280 non
569 2235 692 2296 possunt:
712 2229 800 2296 lignea
820 2229 891 2280 enim
905 2245 968 2280 vasa
980 2227 1026 2280 de-

111 2299 236 2366 siderant,
251 2307 277 2350 et
290 2315 324 2352 ex
335 2297 452 2350 cratibus
464 2306 539 2349 scuta
557 2297 759 2366 robiginemque
776 2296 933 2366 gladiorum.
969 2297 1026 2351 Hoc

111 2369 186 2432 cultu
205 2369 320 2420 nitentes
338 2384 385 2420 vos
402 2367 503 2436 accepi,
523 2375 550 2418 et
568 2366 713 2435 quingenta
731 2366 830 2420 talenta
848 2369 916 2420 aeris
934 2367 1023 2437 alieni,

111 2435 287 2502 cuffi‘umnis
309 2439 381 2505 regia
404 2436 525 2506 supellex
549 2433 620 2488 haud
644 2437 760 2506 amplius
783 2455 865 2508 quam
888 2437 1026 2506 sexaginta

111 2503 273 2560 talentorum
303 2515 381 2576 esset,
405 2507 532 2559 meorum*
556 2523 667 2576 operum
697 2506 879 2560 fundamenta.
923 2508 1026 2565 Quibus

112 2575 309 2680 tamenqyabsit
334 2575 444 2646 invidia)
469 2575 609 2644 imperium
634 2576 769 2629 maximae
793 2587 922 2629 terrarum
946 2577 1026 2645 partis

110 2645 236 2716 imposuit
284 2645 399 2708 Asiaene
423 2653 576 2714 pertaesum
600 2655 647 2714 est,
667 2662 736 2715 quas
760 2663 807 2698 vos
830 2645 912 2712 gloria
937 2661 1025 2698 rerum

110 2710 256 2798 gestarunt
268 2708 318 2780 diis
334 2725 413 2786 praes
431 2715 514 2767 lecit?
551 2714 581 2767 ln
599 2715 733 2790 Europam
746 2715 784 2767 irs
797 2714 949 2784 properatis,
964 2729 1025 2780 rege

116 2831 365 2894 -acuttnontedgeto
376 2843 484 2896 separate
495 2832 536 2880 the
544 2839 593 2881 'one
604 2833 665 2880 from
676 2832 717 2880 the
728 2833 814 2882 other)

140 2900 151 2924 ²
164 2895 218 2941 ‘To
229 2893 298 2953 bring
309 2893 388 2940 back!
405 2937 408 2945 ,
421 2893 450 2940 In
461 2892 659 2956 the-proposition
669 2894 698 2938 de
709 2891 776 2938 there
788 2891 808 2940 is
819 2890 918 2952 implisd
929 2892 970 2940 the
981 2893 1024 2942 ud·

101 2953 213 3060 .dip,ional
229 2951 346 3028 ⁸023le
354 2951 516 3024 ‘.h⁰.¹ll⁶t²1'l⁰
526 2951 594 3002 uue’s
606 2951 686 2998 native
697 2951 819 3011 country,'
833 2967 860 3003 as
871 2951 896 3000 in
906 2953 1022 3009 decedere,

108 3018 262 3066 decreras*
360 3019 379 3037 ‘³'
458 3017 459 3025 ¹

115 3068 170 3100 -ma
180 3068 253 3118 toan·
265 3071 341 3118 neret
355 3069 524 3138 bd‘·brcug'ltt‚·'
537 3069 642 3128 nsmely‚
659 3073 698 3116 ‘tc
709 3068 812 3119 believe'
821 3085 890 3120 -an
905 3071 1024 3120 omission

109 3131 193 3192 which
206 3131 226 3192 is
237 3141 282 3190 not¹
290 3130 433 3192 unfrequent
444 3129 505 3180 ,with
516 3128 565 3177 this
576 3129 724 3188 expression.

113 3185 304 3296 {d‘ZQtliqalettt
312 3189 446 3276 potuinby
457 3187 538 3246 itselss',
551 3188 679 3252 '’Compare
692 3187 790 3249 Zumpt,
803 3189 877 3242 t565‚

202 3253 229 3296 or
249 3255 315 3296 rnen:
338 3257 349 3276 ³⁴
374 3257 394 3276 ³·
420 3263 423 3276 ²
445 3256 477 3277 ³*
501 3270 512 3278 ··
534 3270 538 3278 ·
592 3253 593 3263 ¹
617 3254 626 3278 ¹·

117 3365 120 3372 Ι
138 3309 214 3356 '‘To
230 3309 300 3356 those
317 3307 373 3357 who
389 3316 431 3356 not
448 3305 504 3368 long
520 3322 575 3388 cqc,
587 3306 663 3356 under
680 3306 770 3368 Philip,
788 3323 853 3358 were
868 3308 1020 3366 hali-uolrsd‚

106 3364 291 3430 pnrplecloblts
302 3367 408 3414 ar'e'rlcb
418 3369 552 3430 cordicum-³
564 3366 607 3412 “bs
609 3369 614 3392 ³
615 3366 680 3421 little
691 3367 779 3415 vulue'

127 3433 164 3496 ἧχ’
175 3424 699 3535 9RJ213530,{9,ll¹,db¹59”³*1lllifgflffllh⁰
711 3427 820 3487 empiress
835 3425 883 3474 dcc.

115 3492 194 3523 „firm
272 3495 281 3510 ι.
302 3487 351 3511 .i-.t
380 3483 439 3512 tunt:
455 3485 568 3536 stratu
592 3494 596 3515 t
616 3491 701 3529 grim,
