<?xml version="1.0" encoding="UTF-8"?>
<!DOCTYPE html PUBLIC "-//W3C//DTD XHTML 1.0 Transitional//EN"
    "http://www.w3.org/TR/xhtml1/DTD/xhtml1-transitional.dtd">
<html xmlns="http://www.w3.org/1999/xhtml" xml:lang="en" lang="en">
 <head>
  <title>
</title>
<meta http-equiv="Content-Type" content="text/html;charset=utf-8" />
  <meta name='ocr-system' content='tesseract 3.04.00' />
  <meta name='ocr-capabilities' content='ocr_page ocr_carea ocr_par ocr_line ocrx_word'/>
</head>
<body>
  <div class='ocr_page' id='page_1' title='image "./qcurtiirufidege02rufugoog_0289.png"; bbox 0 0 2294 3842; ppageno 0'>
   <div class='ocr_carea' id='block_1_1' title="bbox 474 237 1004 294">
    <p class='ocr_par' dir='ltr' id='par_1_1' title="bbox 474 237 1004 294">
     <span class='ocr_line' id='line_1_1' title="bbox 474 237 1004 294; baseline 0.011 -6"><span class='ocrx_word' id='word_1_1' title='bbox 474 249 566 290; x_wconf 79' lang='lat' dir='ltr'>arnan</span> <span class='ocrx_word' id='word_1_2' title='bbox 585 249 628 290; x_wconf 80' lang='lat' dir='ltr'>rx.</span> <span class='ocrx_word' id='word_1_3' title='bbox 945 237 1004 294; x_wconf 78' lang='lat' dir='ltr'>atu</span> 
     </span>
    </p>
   </div>
   <div class='ocr_carea' id='block_1_2' title="bbox 75 356 1039 1898">
    <p class='ocr_par' dir='ltr' id='par_1_2' title="bbox 79 356 1005 1126">
     <span class='ocr_line' id='line_1_2' title="bbox 86 356 1005 433; baseline 0.007 -23"><span class='ocrx_word' id='word_1_4' title='bbox 86 357 224 426; x_wconf 83' lang='lat' dir='ltr'>sanguinis</span> <span class='ocrx_word' id='word_1_5' title='bbox 236 356 385 426; x_wconf 87' lang='lat' dir='ltr'>imicante,¹</span> <span class='ocrx_word' id='word_1_6' title='bbox 397 357 499 412; x_wconf 75' lang='lat' dir='ltr'><strong>remisit</strong></span> <span class='ocrx_word' id='word_1_7' title='bbox 512 374 587 411; x_wconf 84' lang='lat' dir='ltr'>arma</span> <span class='ocrx_word' id='word_1_8' title='bbox 598 357 755 414; x_wconf 88' lang='lat' dir='ltr'>moribundo</span> <span class='ocrx_word' id='word_1_9' title='bbox 767 359 869 432; x_wconf 81' lang='lat' dir='ltr'>similis,</span> <span class='ocrx_word' id='word_1_10' title='bbox 882 361 1005 433; x_wconf 84' lang='lat' dir='ltr'>adeoque</span> 
     </span>
     <span class='ocr_line' id='line_1_3' title="bbox 86 427 1003 498; baseline 0.007 -18"><span class='ocrx_word' id='word_1_11' title='bbox 86 428 227 498; x_wconf 87' lang='lat' dir='ltr'>resolutus,</span> <span class='ocrx_word' id='word_1_12' title='bbox 242 436 271 480; x_wconf 91' lang='lat' dir='ltr'>nt</span> <span class='ocrx_word' id='word_1_13' title='bbox 289 444 324 480; x_wconf 91' lang='lat' dir='ltr'>ne</span> <span class='ocrx_word' id='word_1_14' title='bbox 342 427 376 480; x_wconf 87' lang='lat' dir='ltr'>ad</span> <span class='ocrx_word' id='word_1_15' title='bbox 388 427 544 481; x_wconf 87' lang='lat' dir='ltr'>vellendum</span> <span class='ocrx_word' id='word_1_16' title='bbox 562 429 673 498; x_wconf 89' lang='lat' dir='ltr'>quidem</span> <span class='ocrx_word' id='word_1_17' title='bbox 690 429 774 483; x_wconf 89' lang='lat' dir='ltr'>telum</span> <span class='ocrx_word' id='word_1_18' title='bbox 792 431 926 485; x_wconf 84' lang='lat' dir='ltr'>sufficeret</span> <span class='ocrx_word' id='word_1_19' title='bbox 939 433 1003 486; x_wconf 85' lang='lat' dir='ltr'>dex·</span> 
     </span>
     <span class='ocr_line' id='line_1_4' title="bbox 85 496 1004 568; baseline 0.007 -19"><span class='ocrx_word' id='word_1_20' title='bbox 85 498 164 550; x_wconf 62' lang='lat' dir='ltr'>tera?</span> <span class='ocrx_word' id='word_1_21' title='bbox 198 497 293 567; x_wconf 88' lang='lat' dir='ltr'>ltaque</span> <span class='ocrx_word' id='word_1_22' title='bbox 305 497 340 550; x_wconf 87' lang='lat' dir='ltr'>ad</span> <span class='ocrx_word' id='word_1_23' title='bbox 352 496 542 566; x_wconf 86' lang='lat' dir='ltr'>expoliandum</span> <span class='ocrx_word' id='word_1_24' title='bbox 551 515 654 568; x_wconf 87' lang='lat' dir='ltr'>corpus,</span> <span class='ocrx_word' id='word_1_25' title='bbox 664 499 711 568; x_wconf 90' lang='lat' dir='ltr'>qui</span> <span class='ocrx_word' id='word_1_26' title='bbox 719 498 904 554; x_wconf 78' lang='lat' dir='ltr'>vulneraverat</span> <span class='ocrx_word' id='word_1_27' title='bbox 915 502 1004 556; x_wconf 81' lang='lat' dir='ltr'>alacer</span> 
     </span>
     <span class='ocr_line' id='line_1_5' title="bbox 82 566 1001 642; baseline 0.005 -23"><span class='ocrx_word' id='word_1_28' title='bbox 82 567 182 635; x_wconf 84' lang='lat' dir='ltr'>gaudio</span> <span class='ocrx_word' id='word_1_29' title='bbox 193 566 317 620; x_wconf 91' lang='lat' dir='ltr'>accurrit.</span> <span class='ocrx_word' id='word_1_30' title='bbox 354 566 441 624; x_wconf 87' lang='lat' dir='ltr'>Quem</span> <span class='ocrx_word' id='word_1_31' title='bbox 460 575 489 620; x_wconf 89' lang='lat' dir='ltr'>nt</span> <span class='ocrx_word' id='word_1_32' title='bbox 507 568 615 638; x_wconf 83' lang='lat' dir='ltr'>injicere</span> <span class='ocrx_word' id='word_1_33' title='bbox 628 568 728 637; x_wconf 81' lang='lat' dir='ltr'>corpori</span> <span class='ocrx_word' id='word_1_34' title='bbox 744 585 792 622; x_wconf 91' lang='lat' dir='ltr'>suo</span> <span class='ocrx_word' id='word_1_35' title='bbox 804 586 900 624; x_wconf 84' lang='lat' dir='ltr'>manus</span> <span class='ocrx_word' id='word_1_36' title='bbox 912 573 1001 642; x_wconf 85' lang='lat' dir='ltr'>sensit,</span> 
     </span>
     <span class='ocr_line' id='line_1_6' title="bbox 84 635 1002 708; baseline 0.008 -20"><span class='ocrx_word' id='word_1_37' title='bbox 84 637 172 705; x_wconf 86' lang='lat' dir='ltr'>credo,</span> <span class='ocrx_word' id='word_1_38' title='bbox 186 636 276 690; x_wconf 89' lang='lat' dir='ltr'>ultimi</span> <span class='ocrx_word' id='word_1_39' title='bbox 288 635 429 689; x_wconf 74' lang='lat' dir='ltr'>dedecoris</span> <span class='ocrx_word' id='word_1_40' title='bbox 447 637 602 704; x_wconf 82' lang='lat' dir='ltr'>indignitate</span> <span class='ocrx_word' id='word_1_41' title='bbox 614 647 770 708; x_wconf 87' lang='lat' dir='ltr'>commotus,</span> <span class='ocrx_word' id='word_1_42' title='bbox 784 637 950 708; x_wconf 80' lang='lat' dir='ltr'>linquentem</span> <span class='ocrx_word' id='word_1_43' title='bbox 962 659 1002 695; x_wconf 88' lang='lat' dir='ltr'>re·</span> 
     </span>
     <span class='ocr_line' id='line_1_7' title="bbox 83 705 1001 777; baseline 0.007 -19"><span class='ocrx_word' id='word_1_44' title='bbox 83 706 191 760; x_wconf 84' lang='lat' dir='ltr'>vocavit</span> <span class='ocrx_word' id='word_1_45' title='bbox 209 707 352 774; x_wconf 70' lang='lat' dir='ltr'>animum,³</span> <span class='ocrx_word' id='word_1_46' title='bbox 368 713 396 759; x_wconf 87' lang='lat' dir='ltr'>et</span> <span class='ocrx_word' id='word_1_47' title='bbox 413 705 526 759; x_wconf 84' lang='lat' dir='ltr'>nudum⁴</span> <span class='ocrx_word' id='word_1_48' title='bbox 546 707 630 760; x_wconf 85' lang='lat' dir='ltr'>hostis</span> <span class='ocrx_word' id='word_1_49' title='bbox 648 707 718 761; x_wconf 88' lang='lat' dir='ltr'>latus</span> <span class='ocrx_word' id='word_1_50' title='bbox 737 707 858 777; x_wconf 82' lang='lat' dir='ltr'>subjecto</span> <span class='ocrx_word' id='word_1_51' title='bbox 876 726 1001 766; x_wconf 87' lang='lat' dir='ltr'>mucrone</span> 
     </span>
     <span class='ocr_line' id='line_1_8' title="bbox 82 775 1002 848; baseline 0.007 -20"><span class='ocrx_word' id='word_1_52' title='bbox 82 775 195 829; x_wconf 85' lang='lat' dir='ltr'>hausit.⁶</span> <span class='ocrx_word' id='word_1_53' title='bbox 221 775 351 829; x_wconf 88' lang='lat' dir='ltr'>Jecebant</span> <span class='ocrx_word' id='word_1_54' title='bbox 364 777 436 829; x_wconf 87' lang='lat' dir='ltr'>eirca</span> <span class='ocrx_word' id='word_1_55' title='bbox 448 793 539 844; x_wconf 88' lang='lat' dir='ltr'>regem</span> <span class='ocrx_word' id='word_1_56' title='bbox 552 777 601 829; x_wconf 89' lang='lat' dir='ltr'>tria</span> <span class='ocrx_word' id='word_1_57' title='bbox 610 793 724 848; x_wconf 85' lang='lat' dir='ltr'>corpora,</span> <span class='ocrx_word' id='word_1_58' title='bbox 734 777 824 848; x_wconf 85' lang='lat' dir='ltr'>procul</span> <span class='ocrx_word' id='word_1_59' title='bbox 835 786 875 831; x_wconf 90' lang='lat' dir='ltr'>stu</span> <span class='ocrx_word' id='word_1_60' title='bbox 914 780 1002 834; x_wconf 90' lang='lat' dir='ltr'>ntihus</span> 
     </span>
     <span class='ocr_line' id='line_1_9' title="bbox 82 845 1002 917; baseline 0.007 -20"><span class='ocrx_word' id='word_1_61' title='bbox 82 846 196 898; x_wconf 86' lang='lat' dir='ltr'>ceteris:</span> <span class='ocrx_word' id='word_1_62' title='bbox 217 845 263 898; x_wconf 90' lang='lat' dir='ltr'>ille</span> <span class='ocrx_word' id='word_1_63' title='bbox 277 854 312 914; x_wconf 88' lang='lat' dir='ltr'>ut,</span> <span class='ocrx_word' id='word_1_64' title='bbox 325 856 469 914; x_wconf 83' lang='lat' dir='ltr'>antequam</span> <span class='ocrx_word' id='word_1_65' title='bbox 483 845 593 899; x_wconf 89' lang='lat' dir='ltr'>ultimus</span> <span class='ocrx_word' id='word_1_66' title='bbox 605 847 710 916; x_wconf 89' lang='lat' dir='ltr'>spiritus</span> <span class='ocrx_word' id='word_1_67' title='bbox 722 847 856 917; x_wconf 87' lang='lat' dir='ltr'>deficeret,</span> <span class='ocrx_word' id='word_1_68' title='bbox 890 849 1002 904; x_wconf 89' lang='lat' dir='ltr'>imioans</span> 
     </span>
     <span class='ocr_line' id='line_1_10' title="bbox 81 914 1001 987; baseline 0.007 -21"><span class='ocrx_word' id='word_1_69' title='bbox 81 914 139 984; x_wconf 87' lang='lat' dir='ltr'>jam</span> <span class='ocrx_word' id='word_1_70' title='bbox 151 915 359 983; x_wconf 78' lang='lat' dir='ltr'>extingueretur,</span> <span class='ocrx_word' id='word_1_71' title='bbox 370 915 457 984; x_wconf 85' lang='lat' dir='ltr'>clipeo</span> <span class='ocrx_word' id='word_1_72' title='bbox 470 932 498 967; x_wconf 90' lang='lat' dir='ltr'>se</span> <span class='ocrx_word' id='word_1_73' title='bbox 511 915 627 968; x_wconf 87' lang='lat' dir='ltr'>allevare</span> <span class='ocrx_word' id='word_1_74' title='bbox 639 928 750 970; x_wconf 88' lang='lat' dir='ltr'>conatus</span> <span class='ocrx_word' id='word_1_75' title='bbox 762 925 811 986; x_wconf 88' lang='lat' dir='ltr'>est,</span> <span class='ocrx_word' id='word_1_76' title='bbox 821 926 848 969; x_wconf 90' lang='lat' dir='ltr'>et</span> <span class='ocrx_word' id='word_1_77' title='bbox 860 926 1001 987; x_wconf 89' lang='lat' dir='ltr'>postquam</span> 
     </span>
     <span class='ocr_line' id='line_1_11' title="bbox 79 983 1002 1056; baseline 0.007 -20"><span class='ocrx_word' id='word_1_78' title='bbox 79 985 115 1036; x_wconf 86' lang='lat' dir='ltr'>ad</span> <span class='ocrx_word' id='word_1_79' title='bbox 129 986 324 1038; x_wconf 84' lang='lat' dir='ltr'>connitendum</span> <span class='ocrx_word' id='word_1_80' title='bbox 343 983 409 1036; x_wconf 90' lang='lat' dir='ltr'>nihil</span> <span class='ocrx_word' id='word_1_81' title='bbox 428 993 565 1055; x_wconf 86' lang='lat' dir='ltr'>supererat</span> <span class='ocrx_word' id='word_1_82' title='bbox 576 986 680 1056; x_wconf 90' lang='lat' dir='ltr'>virium,</span> <span class='ocrx_word' id='word_1_83' title='bbox 694 987 804 1041; x_wconf 83' lang='lat' dir='ltr'>dextera</span> <span class='ocrx_word' id='word_1_84' title='bbox 815 987 1002 1056; x_wconf 79' lang='lat' dir='ltr'>impendentes</span> 
     </span>
     <span class='ocr_line' id='line_1_12' title="bbox 80 1054 1000 1126; baseline 0.007 -21"><span class='ocrx_word' id='word_1_85' title='bbox 80 1069 172 1106; x_wconf 89' lang='lat' dir='ltr'>ramos</span> <span class='ocrx_word' id='word_1_86' title='bbox 191 1054 349 1124; x_wconf 83' lang='lat' dir='ltr'>complexus</span> <span class='ocrx_word' id='word_1_87' title='bbox 367 1055 516 1124; x_wconf 83' lang='lat' dir='ltr'>temptabat</span> <span class='ocrx_word' id='word_1_88' title='bbox 534 1071 681 1123; x_wconf 84' lang='lat' dir='ltr'>assurgere.</span> <span class='ocrx_word' id='word_1_89' title='bbox 717 1055 769 1110; x_wconf 89' lang='lat' dir='ltr'>Sed</span> <span class='ocrx_word' id='word_1_90' title='bbox 788 1074 821 1109; x_wconf 91' lang='lat' dir='ltr'>ne</span> <span class='ocrx_word' id='word_1_91' title='bbox 840 1057 1000 1126; x_wconf 89' lang='lat' dir='ltr'>sicquidem</span> 
     </span>
    </p>

    <p class='ocr_par' dir='ltr' id='par_1_3' title="bbox 79 1125 1001 1263">
     <span class='ocr_line' id='line_1_13' title="bbox 117 1125 1001 1197; baseline 0.007 -23"><span class='ocrx_word' id='word_1_92' title='bbox 117 1132 181 1176; x_wconf 91' lang='lat' dir='ltr'>tens</span> <span class='ocrx_word' id='word_1_93' title='bbox 192 1125 315 1194; x_wconf 86' lang='lat' dir='ltr'>corporis,</span> <span class='ocrx_word' id='word_1_94' title='bbox 330 1141 419 1176; x_wconf 85' lang='lat' dir='ltr'>rursus</span> <span class='ocrx_word' id='word_1_95' title='bbox 437 1125 463 1176; x_wconf 93' lang='lat' dir='ltr'>in</span> <span class='ocrx_word' id='word_1_96' title='bbox 481 1140 569 1192; x_wconf 84' lang='lat' dir='ltr'>genua</span> <span class='ocrx_word' id='word_1_97' title='bbox 587 1126 743 1197; x_wconf 85' lang='lat' dir='ltr'>procumbit,</span> <span class='ocrx_word' id='word_1_98' title='bbox 757 1142 838 1180; x_wconf 89' lang='lat' dir='ltr'>manu</span> <span class='ocrx_word' id='word_1_99' title='bbox 854 1142 1001 1197; x_wconf 89' lang='lat' dir='ltr'>provocans</span> 
     </span>
     <span class='ocr_line' id='line_1_14' title="bbox 79 1141 561 1263; baseline 0 -17"><span class='ocrx_word' id='word_1_100' title='bbox 79 1141 182 1262; x_wconf 71' lang='lat' dir='ltr'>llllstes,</span> <span class='ocrx_word' id='word_1_101' title='bbox 196 1194 219 1245; x_wconf 91' lang='lat' dir='ltr'>si</span> <span class='ocrx_word' id='word_1_102' title='bbox 232 1194 292 1263; x_wconf 89' lang='lat' dir='ltr'>quis</span> <span class='ocrx_word' id='word_1_103' title='bbox 304 1193 429 1262; x_wconf 85' lang='lat' dir='ltr'>congredi</span> <span class='ocrx_word' id='word_1_104' title='bbox 441 1195 561 1246; x_wconf 87' lang='lat' dir='ltr'>auderet.</span> 
     </span>
    </p>

    <p class='ocr_par' dir='ltr' id='par_1_4' title="bbox 75 1263 1039 1898">
     <span class='ocr_line' id='line_1_15' title="bbox 115 1263 1000 1336; baseline 0.005 -22"><span class='ocrx_word' id='word_1_105' title='bbox 115 1267 160 1315; x_wconf 78' lang='lat'>21.</span> <span class='ocrx_word' id='word_1_106' title='bbox 179 1263 303 1316; x_wconf 86' lang='lat' dir='ltr'>Tandem</span> <span class='ocrx_word' id='word_1_107' title='bbox 323 1263 480 1316; x_wconf 71' lang='lat' dir='ltr'>Peucestes⁶</span> <span class='ocrx_word' id='word_1_108' title='bbox 498 1280 546 1333; x_wconf 88' lang='lat' dir='ltr'>per</span> <span class='ocrx_word' id='word_1_109' title='bbox 565 1263 647 1318; x_wconf 88' lang='lat' dir='ltr'>aliam</span> <span class='ocrx_word' id='word_1_110' title='bbox 667 1264 757 1335; x_wconf 86' lang='lat' dir='ltr'>oppidi</span> <span class='ocrx_word' id='word_1_111' title='bbox 776 1274 889 1336; x_wconf 89' lang='lat' dir='ltr'>partem,</span> <span class='ocrx_word' id='word_1_112' title='bbox 910 1264 1000 1320; x_wconf 90' lang='lat' dir='ltr'>detur·</span> 
     </span>
     <span class='ocr_line' id='line_1_16' title="bbox 78 1332 999 1406; baseline 0.004 -22"><span class='ocrx_word' id='word_1_113' title='bbox 78 1332 153 1385; x_wconf 87' lang='lat' dir='ltr'>hatis</span> <span class='ocrx_word' id='word_1_114' title='bbox 171 1333 416 1402; x_wconf 84' lang='lat' dir='ltr'>propugnatoribus,</span> <span class='ocrx_word' id='word_1_115' title='bbox 432 1333 502 1386; x_wconf 89' lang='lat' dir='ltr'>muri</span> <span class='ocrx_word' id='word_1_116' title='bbox 514 1334 627 1402; x_wconf 81' lang='lat' dir='ltr'>vestigia</span> <span class='ocrx_word' id='word_1_117' title='bbox 645 1337 818 1404; x_wconf 81' lang='lat' dir='ltr'>persequens⁷</span> <span class='ocrx_word' id='word_1_118' title='bbox 836 1337 892 1404; x_wconf 89' lang='lat' dir='ltr'>regi</span> <span class='ocrx_word' id='word_1_119' title='bbox 910 1352 999 1406; x_wconf 86' lang='lat' dir='ltr'>super·</span> 
     </span>
     <span class='ocr_line' id='line_1_17' title="bbox 79 1401 998 1474; baseline 0.007 -20"><span class='ocrx_word' id='word_1_120' title='bbox 79 1404 165 1454; x_wconf 87' lang='lat' dir='ltr'>venit.</span> <span class='ocrx_word' id='word_1_121' title='bbox 202 1402 261 1460; x_wconf 83' lang='lat' dir='ltr'>Quo</span> <span class='ocrx_word' id='word_1_122' title='bbox 282 1410 426 1470; x_wconf 86' lang='lat' dir='ltr'>conspecto</span> <span class='ocrx_word' id='word_1_123' title='bbox 444 1402 605 1471; x_wconf 82' lang='lat' dir='ltr'>Alexander,</span> <span class='ocrx_word' id='word_1_124' title='bbox 623 1401 749 1473; x_wconf 84' lang='lat' dir='ltr'>jamnon</span> <span class='ocrx_word' id='word_1_125' title='bbox 768 1404 838 1458; x_wconf 87' lang='lat' dir='ltr'>vitae</span> <span class='ocrx_word' id='word_1_126' title='bbox 856 1421 930 1474; x_wconf 88' lang='lat' dir='ltr'>suae,</span> <span class='ocrx_word' id='word_1_127' title='bbox 950 1405 998 1460; x_wconf 86' lang='lat' dir='ltr'>sed</span> 
     </span>
     <span class='ocr_line' id='line_1_18' title="bbox 78 1471 999 1546; baseline 0.007 -22"><span class='ocrx_word' id='word_1_128' title='bbox 78 1472 175 1524; x_wconf 86' lang='lat' dir='ltr'>mortis</span> <span class='ocrx_word' id='word_1_129' title='bbox 194 1471 319 1525; x_wconf 87' lang='lat' dir='ltr'>solatium</span> <span class='ocrx_word' id='word_1_130' title='bbox 339 1488 369 1524; x_wconf 89' lang='lat' dir='ltr'>so</span> <span class='ocrx_word' id='word_1_131' title='bbox 389 1472 525 1526; x_wconf 84' lang='lat' dir='ltr'>ervenisse</span> <span class='ocrx_word' id='word_1_132' title='bbox 543 1481 621 1542; x_wconf 90' lang='lat' dir='ltr'>ratus,</span> <span class='ocrx_word' id='word_1_133' title='bbox 641 1474 727 1544; x_wconf 88' lang='lat' dir='ltr'>clipeo</span> <span class='ocrx_word' id='word_1_134' title='bbox 745 1473 885 1543; x_wconf 81' lang='lat' dir='ltr'>fatigatum</span> <span class='ocrx_word' id='word_1_135' title='bbox 903 1491 999 1546; x_wconf 87' lang='lat' dir='ltr'>corpus</span> 
     </span>
     <span class='ocr_line' id='line_1_19' title="bbox 78 1489 1039 1615; baseline 0.004 -21"><span class='ocrx_word' id='word_1_136' title='bbox 78 1542 198 1612; x_wconf 84' lang='lat' dir='ltr'>excepit.</span> <span class='ocrx_word' id='word_1_137' title='bbox 235 1541 310 1595; x_wconf 90' lang='lat' dir='ltr'>Subit</span> <span class='ocrx_word' id='word_1_138' title='bbox 336 1489 398 1594; x_wconf 61' lang='lat' dir='ltr'>mile</span> <span class='ocrx_word' id='word_1_139' title='bbox 425 1541 560 1609; x_wconf 84' lang='lat' dir='ltr'>Timaeus,</span> <span class='ocrx_word' id='word_1_140' title='bbox 585 1551 612 1594; x_wconf 91' lang='lat' dir='ltr'>et</span> <span class='ocrx_word' id='word_1_141' title='bbox 641 1543 721 1613; x_wconf 84' lang='lat' dir='ltr'>paulo</span> <span class='ocrx_word' id='word_1_142' title='bbox 749 1555 807 1614; x_wconf 89' lang='lat' dir='ltr'>post</span> <span class='ocrx_word' id='word_1_143' title='bbox 837 1545 996 1615; x_wconf 87' lang='lat' dir='ltr'>Leonnatus,</span> <span class='ocrx_word' id='word_1_144' title='bbox 1037 1573 1039 1576; x_wconf 93' lang='lat'>·</span> 
     </span>
     <span class='ocr_line' id='line_1_20' title="bbox 78 1610 999 1682; baseline 0.007 -20"><span class='ocrx_word' id='word_1_145' title='bbox 78 1610 143 1663; x_wconf 86' lang='lat' dir='ltr'>hnic</span> <span class='ocrx_word' id='word_1_146' title='bbox 163 1612 303 1664; x_wconf 84' lang='lat' dir='ltr'>Aristonus</span> <span class='ocrx_word' id='word_1_147' title='bbox 320 1611 481 1681; x_wconf 87' lang='lat' dir='ltr'>supervenit.</span> <span class='ocrx_word' id='word_1_148' title='bbox 517 1611 575 1665; x_wconf 91' lang='lat' dir='ltr'>lndi</span> <span class='ocrx_word' id='word_1_149' title='bbox 594 1629 707 1682; x_wconf 88' lang='lat' dir='ltr'>quoqne,</span> <span class='ocrx_word' id='word_1_150' title='bbox 725 1629 788 1667; x_wconf 90' lang='lat' dir='ltr'>oum</span> <span class='ocrx_word' id='word_1_151' title='bbox 806 1613 874 1667; x_wconf 90' lang='lat' dir='ltr'>intra</span> <span class='ocrx_word' id='word_1_152' title='bbox 891 1616 999 1668; x_wconf 80' lang='lat' dir='ltr'>rnoenIa</span> 
     </span>
     <span class='ocr_line' id='line_1_21' title="bbox 77 1681 996 1754; baseline 0.005 -22"><span class='ocrx_word' id='word_1_153' title='bbox 77 1697 172 1750; x_wconf 88' lang='lat' dir='ltr'>regem</span> <span class='ocrx_word' id='word_1_154' title='bbox 192 1697 253 1733; x_wconf 85' lang='lat' dir='ltr'>esse</span> <span class='ocrx_word' id='word_1_155' title='bbox 271 1681 471 1750; x_wconf 87' lang='lat' dir='ltr'>comperissent,</span> <span class='ocrx_word' id='word_1_156' title='bbox 484 1681 591 1734; x_wconf 87' lang='lat' dir='ltr'>omissis</span> <span class='ocrx_word' id='word_1_157' title='bbox 602 1683 706 1752; x_wconf 85' lang='lat' dir='ltr'>ceteris,</span> <span class='ocrx_word' id='word_1_158' title='bbox 720 1683 783 1736; x_wconf 86' lang='lat' dir='ltr'>illue</span> <span class='ocrx_word' id='word_1_159' title='bbox 802 1693 996 1754; x_wconf 85' lang='lat' dir='ltr'>concurrerunt,</span> 
     </span>
     <span class='ocr_line' id='line_1_22' title="bbox 76 1749 997 1824; baseline 0.005 -22"><span class='ocrx_word' id='word_1_160' title='bbox 76 1749 264 1820; x_wconf 88' lang='lat' dir='ltr'>urgebantque</span> <span class='ocrx_word' id='word_1_161' title='bbox 275 1759 452 1820; x_wconf 87' lang='lat' dir='ltr'>protegentes.</span> <span class='ocrx_word' id='word_1_162' title='bbox 479 1751 522 1804; x_wconf 88' lang='lat' dir='ltr'>Ex</span> <span class='ocrx_word' id='word_1_163' title='bbox 529 1751 627 1820; x_wconf 91' lang='lat' dir='ltr'>quibus</span> <span class='ocrx_word' id='word_1_164' title='bbox 638 1752 773 1824; x_wconf 83' lang='lat' dir='ltr'>Timaeus,</span> <span class='ocrx_word' id='word_1_165' title='bbox 783 1753 874 1807; x_wconf 90' lang='lat' dir='ltr'>multis</span> <span class='ocrx_word' id='word_1_166' title='bbox 886 1754 997 1807; x_wconf 87' lang='lat' dir='ltr'>adverso</span> 
     </span>
     <span class='ocr_line' id='line_1_23' title="bbox 75 1819 996 1898; baseline 0.004 -26"><span class='ocrx_word' id='word_1_167' title='bbox 75 1835 188 1890; x_wconf 85' lang='lat' dir='ltr'>corpore</span> <span class='ocrx_word' id='word_1_168' title='bbox 200 1820 355 1874; x_wconf 89' lang='lat' dir='ltr'>vulneribus</span> <span class='ocrx_word' id='word_1_169' title='bbox 366 1819 491 1898; x_wconf 84' lang='lat' dir='ltr'>acceptis,</span> <span class='ocrx_word' id='word_1_170' title='bbox 505 1819 665 1890; x_wconf 85' lang='lat' dir='ltr'>egregiaque</span> <span class='ocrx_word' id='word_1_171' title='bbox 684 1821 757 1876; x_wconf 87' lang='lat' dir='ltr'>edita</span> <span class='ocrx_word' id='word_1_172' title='bbox 773 1838 869 1892; x_wconf 86' lang='lat' dir='ltr'>pugna,</span> <span class='ocrx_word' id='word_1_173' title='bbox 883 1824 981 1876; x_wconf 87' lang='lat' dir='ltr'>cecidit</span> <span class='ocrx_word' id='word_1_174' title='bbox 988 1841 996 1892; x_wconf 76' lang='lat'>5</span> 
     </span>
    </p>
   </div>
   <div class='ocr_carea' id='block_1_3' title="bbox 75 1889 1080 1962">
    <p class='ocr_par' dir='ltr' id='par_1_5' title="bbox 75 1889 1080 1962">
     <span class='ocr_line' id='line_1_24' title="bbox 75 1889 1080 1962; baseline 0.002 -20"><span class='ocrx_word' id='word_1_175' title='bbox 75 1889 227 1944; x_wconf 87' lang='lat' dir='ltr'>Peucestes</span> <span class='ocrx_word' id='word_1_176' title='bbox 235 1905 341 1960; x_wconf 90' lang='lat' dir='ltr'>quoque</span> <span class='ocrx_word' id='word_1_177' title='bbox 353 1889 437 1943; x_wconf 90' lang='lat' dir='ltr'>tribus</span> <span class='ocrx_word' id='word_1_178' title='bbox 447 1889 545 1959; x_wconf 82' lang='lat' dir='ltr'>Jaoulis</span> <span class='ocrx_word' id='word_1_179' title='bbox 552 1889 691 1944; x_wconf 80' lang='lat' dir='ltr'>confossus</span> <span class='ocrx_word' id='word_1_180' title='bbox 703 1907 754 1944; x_wconf 94' lang='lat' dir='ltr'>non</span> <span class='ocrx_word' id='word_1_181' title='bbox 767 1907 796 1944; x_wconf 90' lang='lat' dir='ltr'>se</span> <span class='ocrx_word' id='word_1_182' title='bbox 809 1901 899 1946; x_wconf 88' lang='lat' dir='ltr'>tamen</span> <span class='ocrx_word' id='word_1_183' title='bbox 912 1901 995 1962; x_wconf 88' lang='lat' dir='ltr'>scuto,</span> <span class='ocrx_word' id='word_1_184' title='bbox 1071 1900 1080 1917; x_wconf 80' lang='lat'><strong><em>‘</em></strong></span> 
     </span>
    </p>
   </div>
   <div class='ocr_carea' id='block_1_4' title="bbox 74 1958 998 2730">
    <p class='ocr_par' dir='ltr' id='par_1_6' title="bbox 74 1958 998 2521">
     <span class='ocr_line' id='line_1_25' title="bbox 75 1958 998 2030; baseline 0.004 -19"><span class='ocrx_word' id='word_1_185' title='bbox 75 1958 126 2012; x_wconf 87' lang='lat' dir='ltr'>sed</span> <span class='ocrx_word' id='word_1_186' title='bbox 146 1975 239 2028; x_wconf 85' lang='lat' dir='ltr'>regem</span> <span class='ocrx_word' id='word_1_187' title='bbox 257 1959 396 2028; x_wconf 72' lang='lat' dir='ltr'>tuebatur,</span> <span class='ocrx_word' id='word_1_188' title='bbox 415 1960 573 2030; x_wconf 82' lang='lat' dir='ltr'>Leonnatus,</span> <span class='ocrx_word' id='word_1_189' title='bbox 586 1959 651 2014; x_wconf 90' lang='lat' dir='ltr'>dum</span> <span class='ocrx_word' id='word_1_190' title='bbox 661 1960 740 2014; x_wconf 86' lang='lat' dir='ltr'>avide</span> <span class='ocrx_word' id='word_1_191' title='bbox 752 1968 860 2014; x_wconf 88' lang='lat' dir='ltr'>ruentes</span> <span class='ocrx_word' id='word_1_192' title='bbox 873 1962 998 2016; x_wconf 89' lang='lat' dir='ltr'>barbaros</span> 
     </span>
     <span class='ocr_line' id='line_1_26' title="bbox 75 2029 996 2155; baseline 0.003 -73"><span class='ocrx_word' id='word_1_193' title='bbox 75 2037 240 2099; x_wconf 88' lang='lat' dir='ltr'>summovet,</span> <span class='ocrx_word' id='word_1_194' title='bbox 258 2030 365 2084; x_wconf 88' lang='lat' dir='ltr'>cervice</span> <span class='ocrx_word' id='word_1_195' title='bbox 384 2030 499 2100; x_wconf 87' lang='lat' dir='ltr'>graviter</span> <span class='ocrx_word' id='word_1_196' title='bbox 516 2030 569 2083; x_wconf 89' lang='lat' dir='ltr'>icta</span> <span class='ocrx_word' id='word_1_197' title='bbox 590 2029 754 2084; x_wconf 89' lang='lat' dir='ltr'>semianimis</span> <span class='ocrx_word' id='word_1_198' title='bbox 773 2030 911 2155; x_wconf 85' lang='lat' dir='ltr'>procubuit</span> <span class='ocrx_word' id='word_1_199' title='bbox 934 2041 996 2086; x_wconf 88' lang='lat' dir='ltr'>ante</span> 
     </span>
     <span class='ocr_line' id='line_1_27' title="bbox 75 2099 755 2168; baseline 0.006 -18"><span class='ocrx_word' id='word_1_200' title='bbox 75 2099 157 2168; x_wconf 80' lang='lat' dir='ltr'>regis,</span> <span class='ocrx_word' id='word_1_201' title='bbox 172 2099 266 2168; x_wconf 88' lang='lat' dir='ltr'>pedes.</span> <span class='ocrx_word' id='word_1_202' title='bbox 302 2099 364 2154; x_wconf 88' lang='lat' dir='ltr'>Jam</span> <span class='ocrx_word' id='word_1_203' title='bbox 384 2109 411 2154; x_wconf 86' lang='lat' dir='ltr'>et</span> <span class='ocrx_word' id='word_1_204' title='bbox 435 2099 581 2154; x_wconf 87' lang='lat' dir='ltr'>Peucestes</span> <span class='ocrx_word' id='word_1_205' title='bbox 600 2099 755 2154; x_wconf 81' lang='lat' dir='ltr'>vulneribus</span> 
     </span>
     <span class='ocr_line' id='line_1_28' title="bbox 75 2169 997 2239; baseline 0.003 -18"><span class='ocrx_word' id='word_1_206' title='bbox 75 2169 189 2222; x_wconf 89' lang='lat' dir='ltr'>miserat</span> <span class='ocrx_word' id='word_1_207' title='bbox 209 2169 354 2239; x_wconf 79' lang='lat' dir='ltr'>clipeum:⁸</span> <span class='ocrx_word' id='word_1_208' title='bbox 374 2169 401 2222; x_wconf 90' lang='lat' dir='ltr'>in</span> <span class='ocrx_word' id='word_1_209' title='bbox 419 2169 542 2223; x_wconf 88' lang='lat' dir='ltr'>Aristono</span> <span class='ocrx_word' id='word_1_210' title='bbox 567 2186 630 2239; x_wconf 88' lang='lat' dir='ltr'>spes</span> <span class='ocrx_word' id='word_1_211' title='bbox 655 2169 749 2222; x_wconf 88' lang='lat' dir='ltr'>ultima</span> <span class='ocrx_word' id='word_1_212' title='bbox 773 2169 909 2224; x_wconf 87' lang='lat' dir='ltr'>haerebat.</span> <span class='ocrx_word' id='word_1_213' title='bbox 946 2170 997 2226; x_wconf 90' lang='lat' dir='ltr'>Hic</span> 
     </span>
     <span class='ocr_line' id='line_1_29' title="bbox 75 2238 995 2308; baseline 0.004 -18"><span class='ocrx_word' id='word_1_214' title='bbox 75 2253 186 2307; x_wconf 87' lang='lat' dir='ltr'>qaoque</span> <span class='ocrx_word' id='word_1_215' title='bbox 203 2239 319 2308; x_wconf 81' lang='lat' dir='ltr'>graviter</span> <span class='ocrx_word' id='word_1_216' title='bbox 330 2238 437 2292; x_wconf 86' lang='lat' dir='ltr'>saucius</span> <span class='ocrx_word' id='word_1_217' title='bbox 455 2248 557 2292; x_wconf 84' lang='lat' dir='ltr'>tantam</span> <span class='ocrx_word' id='word_1_218' title='bbox 569 2240 626 2292; x_wconf 90' lang='lat' dir='ltr'>vim</span> <span class='ocrx_word' id='word_1_219' title='bbox 643 2239 758 2294; x_wconf 87' lang='lat' dir='ltr'>hostium</span> <span class='ocrx_word' id='word_1_220' title='bbox 771 2239 851 2294; x_wconf 77' lang='lat' dir='ltr'>ultra⁹</span> <span class='ocrx_word' id='word_1_221' title='bbox 862 2241 995 2294; x_wconf 88' lang='lat' dir='ltr'>sustinere</span> 
     </span>
     <span class='ocr_line' id='line_1_30' title="bbox 76 2307 996 2378; baseline 0.004 -18"><span class='ocrx_word' id='word_1_222' title='bbox 76 2321 131 2360; x_wconf 89' lang='lat' dir='ltr'>non</span> <span class='ocrx_word' id='word_1_223' title='bbox 150 2315 262 2376; x_wconf 87' lang='lat' dir='ltr'>poterat.</span> <span class='ocrx_word' id='word_1_224' title='bbox 298 2308 370 2361; x_wconf 88' lang='lat' dir='ltr'>luter</span> <span class='ocrx_word' id='word_1_225' title='bbox 381 2307 449 2360; x_wconf 88' lang='lat' dir='ltr'>haec</span> <span class='ocrx_word' id='word_1_226' title='bbox 461 2307 495 2359; x_wconf 90' lang='lat' dir='ltr'>ad</span> <span class='ocrx_word' id='word_1_227' title='bbox 507 2308 673 2362; x_wconf 86' lang='lat' dir='ltr'>Macedonas</span> <span class='ocrx_word' id='word_1_228' title='bbox 685 2325 775 2378; x_wconf 88' lang='lat' dir='ltr'>regem</span> <span class='ocrx_word' id='word_1_229' title='bbox 785 2310 914 2364; x_wconf 84' lang='lat' dir='ltr'>cecidisse</span> <span class='ocrx_word' id='word_1_230' title='bbox 923 2309 996 2364; x_wconf 86' lang='lat' dir='ltr'>lama</span> 
     </span>
     <span class='ocr_line' id='line_1_31' title="bbox 74 2376 995 2500; baseline 0.007 -72"><span class='ocrx_word' id='word_1_231' title='bbox 74 2377 182 2446; x_wconf 88' lang='lat' dir='ltr'>perlata</span> <span class='ocrx_word' id='word_1_232' title='bbox 199 2386 249 2431; x_wconf 91' lang='lat' dir='ltr'>est.</span> <span class='ocrx_word' id='word_1_233' title='bbox 285 2377 434 2431; x_wconf 84' lang='lat' dir='ltr'>Terruisset</span> <span class='ocrx_word' id='word_1_234' title='bbox 451 2376 526 2447; x_wconf 89' lang='lat' dir='ltr'>alios,</span> <span class='ocrx_word' id='word_1_235' title='bbox 539 2377 610 2500; x_wconf 70' lang='lat' dir='ltr'>quod</span> <span class='ocrx_word' id='word_1_236' title='bbox 628 2378 688 2433; x_wconf 87' lang='lat' dir='ltr'>illos</span> <span class='ocrx_word' id='word_1_237' title='bbox 705 2379 832 2433; x_wconf 85' lang='lat' dir='ltr'>incitavit.</span> <span class='ocrx_word' id='word_1_238' title='bbox 868 2380 995 2452; x_wconf 89' lang='lat' dir='ltr'>Namque</span> 
     </span>
     <span class='ocr_line' id='line_1_32' title="bbox 74 2446 995 2521; baseline 0.008 -24"><span class='ocrx_word' id='word_1_239' title='bbox 74 2446 188 2516; x_wconf 87' lang='lat' dir='ltr'>periculi</span> <span class='ocrx_word' id='word_1_240' title='bbox 212 2447 301 2500; x_wconf 88' lang='lat' dir='ltr'>omnis</span> <span class='ocrx_word' id='word_1_241' title='bbox 323 2447 496 2502; x_wconf 87' lang='lat' dir='ltr'>immemores</span> <span class='ocrx_word' id='word_1_242' title='bbox 516 2446 632 2502; x_wconf 88' lang='lat' dir='ltr'>doabris</span> <span class='ocrx_word' id='word_1_243' title='bbox 654 2448 806 2520; x_wconf 85' lang='lat' dir='ltr'>perfregere</span> <span class='ocrx_word' id='word_1_244' title='bbox 831 2467 945 2521; x_wconf 90' lang='lat' dir='ltr'>murum,</span> <span class='ocrx_word' id='word_1_245' title='bbox 967 2459 995 2505; x_wconf 91' lang='lat' dir='ltr'>et</span> 
     </span>
    </p>

    <p class='ocr_par' dir='ltr' id='par_1_7' title="bbox 74 2515 995 2730">
     <span class='ocr_line' id='line_1_33' title="bbox 94 2515 995 2590; baseline 0.007 -22"><span class='ocrx_word' id='word_1_246' title='bbox 94 2531 130 2568; x_wconf 87' lang='lat' dir='ltr'>ua</span> <span class='ocrx_word' id='word_1_247' title='bbox 142 2515 227 2571; x_wconf 91' lang='lat' dir='ltr'>moliti</span> <span class='ocrx_word' id='word_1_248' title='bbox 239 2524 314 2570; x_wconf 84' lang='lat' dir='ltr'>erant</span> <span class='ocrx_word' id='word_1_249' title='bbox 331 2515 442 2585; x_wconf 83' lang='lat' dir='ltr'>aditum,</span> <span class='ocrx_word' id='word_1_250' title='bbox 456 2515 573 2587; x_wconf 87' lang='lat' dir='ltr'>irmpere</span> <span class='ocrx_word' id='word_1_251' title='bbox 591 2519 618 2572; x_wconf 91' lang='lat' dir='ltr'>in</span> <span class='ocrx_word' id='word_1_252' title='bbox 637 2519 740 2589; x_wconf 89' lang='lat' dir='ltr'>urbem,</span> <span class='ocrx_word' id='word_1_253' title='bbox 754 2519 887 2589; x_wconf 88' lang='lat' dir='ltr'>Indosque</span> <span class='ocrx_word' id='word_1_254' title='bbox 905 2521 995 2590; x_wconf 86' lang='lat' dir='ltr'>plures</span> 
     </span>
     <span class='ocr_line' id='line_1_34' title="bbox 74 2532 993 2658; baseline 0.005 -21"><span class='ocrx_word' id='word_1_255' title='bbox 74 2532 220 2654; x_wconf 62' lang='lat' dir='ltr'>ingentes</span> <span class='ocrx_word' id='word_1_256' title='bbox 238 2602 321 2656; x_wconf 88' lang='lat' dir='ltr'>quam</span> <span class='ocrx_word' id='word_1_257' title='bbox 340 2585 466 2654; x_wconf 81' lang='lat' dir='ltr'>congredi</span> <span class='ocrx_word' id='word_1_258' title='bbox 489 2603 575 2658; x_wconf 86' lang='lat' dir='ltr'>ausos,</span> <span class='ocrx_word' id='word_1_259' title='bbox 596 2589 760 2643; x_wconf 84' lang='lat' dir='ltr'>oeciderunt.</span> <span class='ocrx_word' id='word_1_260' title='bbox 795 2590 855 2644; x_wconf 92' lang='lat' dir='ltr'>Non</span> <span class='ocrx_word' id='word_1_261' title='bbox 877 2590 993 2656; x_wconf 88' lang='lat' dir='ltr'>senibus,</span> 
     </span>
     <span class='ocr_line' id='line_1_35' title="bbox 74 2654 993 2730; baseline 0.005 -22"><span class='ocrx_word' id='word_1_262' title='bbox 74 2671 130 2708; x_wconf 90' lang='lat' dir='ltr'>non</span> <span class='ocrx_word' id='word_1_263' title='bbox 154 2654 269 2727; x_wconf 90' lang='lat' dir='ltr'>leminis,</span> <span class='ocrx_word' id='word_1_264' title='bbox 290 2672 343 2710; x_wconf 92' lang='lat' dir='ltr'>non</span> <span class='ocrx_word' id='word_1_265' title='bbox 366 2655 513 2710; x_wconf 83' lang='lat' dir='ltr'>infantibus</span> <span class='ocrx_word' id='word_1_266' title='bbox 536 2659 666 2727; x_wconf 89' lang='lat' dir='ltr'>parcitur:</span> <span class='ocrx_word' id='word_1_267' title='bbox 692 2658 813 2730; x_wconf 78' lang='lat' dir='ltr'>quisquis</span> <span class='ocrx_word' id='word_1_268' title='bbox 835 2668 993 2727; x_wconf 87' lang='lat' dir='ltr'>occurrerat,</span> 
     </span>
    </p>
   </div>
   <div class='ocr_carea' id='block_1_5' title="bbox 105 2800 328 2908">
    <p class='ocr_par' dir='ltr' id='par_1_8' title="bbox 105 2800 328 2908">
     <span class='ocr_line' id='line_1_36' title="bbox 105 2800 328 2908; baseline 0 -60"><span class='ocrx_word' id='word_1_269' title='bbox 105 2807 112 2830; x_wconf 92' lang='lat'><strong>¹</strong></span> <span class='ocrx_word' id='word_1_270' title='bbox 126 2800 257 2908; x_wconf 62' lang='lat' dir='ltr'>‘Gushinp</span> <span class='ocrx_word' id='word_1_271' title='bbox 268 2801 328 2849; x_wconf 66' lang='lat' dir='ltr'>out)</span> 
     </span>
    </p>
   </div>
   <div class='ocr_carea' id='block_1_6' title="bbox 71 2858 990 3573">
    <p class='ocr_par' dir='ltr' id='par_1_9' title="bbox 73 2858 989 2986">
     <span class='ocr_line' id='line_1_37' title="bbox 103 2858 989 2968; baseline 0 -60"><span class='ocrx_word' id='word_1_272' title='bbox 103 2865 114 2890; x_wconf 79' lang='lat'>²</span> <span class='ocrx_word' id='word_1_273' title='bbox 125 2865 132 2888; x_wconf 82' lang='lat'>¹</span> <span class='ocrx_word' id='word_1_274' title='bbox 142 2861 189 2909; x_wconf 88' lang='lat' dir='ltr'>His</span> <span class='ocrx_word' id='word_1_275' title='bbox 204 2861 241 2968; x_wconf 62' lang='lat' dir='ltr'>rip</span> <span class='ocrx_word' id='word_1_276' title='bbox 259 2869 269 2908; x_wconf 95' lang='lat' dir='ltr'>t</span> <span class='ocrx_word' id='word_1_277' title='bbox 285 2859 350 2928; x_wconf 75' lang='lat' dir='ltr'>hand</span> <span class='ocrx_word' id='word_1_278' title='bbox 361 2858 408 2928; x_wconf 82' lang='lat' dir='ltr'>had</span> <span class='ocrx_word' id='word_1_279' title='bbox 418 2869 460 2907; x_wconf 91' lang='lat' dir='ltr'>not</span> <span class='ocrx_word' id='word_1_280' title='bbox 470 2875 553 2920; x_wconf 83' lang='lat' dir='ltr'>power</span> <span class='ocrx_word' id='word_1_281' title='bbox 562 2875 624 2908; x_wconf 86' lang='lat' dir='ltr'>even</span> <span class='ocrx_word' id='word_1_282' title='bbox 635 2870 661 2910; x_wconf 93' lang='lat' dir='ltr'>to</span> <span class='ocrx_word' id='word_1_283' title='bbox 671 2858 736 2909; x_wconf 90' lang='lat' dir='ltr'>bend</span> <span class='ocrx_word' id='word_1_284' title='bbox 746 2859 788 2908; x_wconf 90' lang='lat' dir='ltr'>the</span> <span class='ocrx_word' id='word_1_285' title='bbox 799 2861 856 2908; x_wconf 86' lang='lat' dir='ltr'>bow</span> <span class='ocrx_word' id='word_1_286' title='bbox 866 2858 989 2921; x_wconf 82' lang='lat' dir='ltr'>slightly,’</span> 
     </span>
     <span class='ocr_line' id='line_1_38' title="bbox 73 2918 769 2986; baseline -0.001 -17"><span class='ocrx_word' id='word_1_287' title='bbox 73 2920 110 2969; x_wconf 87' lang='lat' dir='ltr'>l&#39;ar</span> <span class='ocrx_word' id='word_1_288' title='bbox 122 2920 172 2969; x_wconf 89' lang='lat' dir='ltr'>less</span> <span class='ocrx_word' id='word_1_289' title='bbox 184 2929 209 2967; x_wconf 94' lang='lat' dir='ltr'>to</span> <span class='ocrx_word' id='word_1_290' title='bbox 237 2935 286 2968; x_wconf 87' lang='lat' dir='ltr'>raw</span> <span class='ocrx_word' id='word_1_291' title='bbox 298 2929 316 2967; x_wconf 89' lang='lat' dir='ltr'>rt</span> <span class='ocrx_word' id='word_1_292' title='bbox 327 2928 353 2967; x_wconf 91' lang='lat' dir='ltr'>to</span> <span class='ocrx_word' id='word_1_293' title='bbox 364 2928 395 2966; x_wconf 82' lang='lat' dir='ltr'>its</span> <span class='ocrx_word' id='word_1_294' title='bbox 406 2918 449 2967; x_wconf 85' lang='lat' dir='ltr'>full</span> <span class='ocrx_word' id='word_1_295' title='bbox 461 2929 545 2967; x_wconf 87' lang='lat' dir='ltr'>extent</span> <span class='ocrx_word' id='word_1_296' title='bbox 556 2922 677 2974; x_wconf 74' lang='lat' dir='ltr'>(wallare).</span> <span class='ocrx_word' id='word_1_297' title='bbox 764 2977 769 2986; x_wconf 37' lang='grc' dir='ltr'>Ι</span> 
     </span>
    </p>

    <p class='ocr_par' dir='ltr' id='par_1_10' title="bbox 103 2977 820 3040">
     <span class='ocr_line' id='line_1_39' title="bbox 103 2977 820 3040; baseline -0.003 -12"><span class='ocrx_word' id='word_1_298' title='bbox 103 2984 113 3009; x_wconf 77' lang='lat'>²</span> <span class='ocrx_word' id='word_1_299' title='bbox 125 2980 180 3028; x_wconf 89' lang='lat' dir='ltr'>‘He</span> <span class='ocrx_word' id='word_1_300' title='bbox 192 2978 297 3028; x_wconf 89' lang='lat' dir='ltr'>recalled</span> <span class='ocrx_word' id='word_1_301' title='bbox 308 2979 350 3026; x_wconf 91' lang='lat' dir='ltr'>the</span> <span class='ocrx_word' id='word_1_302' title='bbox 362 2977 403 3027; x_wconf 85' lang='lat' dir='ltr'>lile</span> <span class='ocrx_word' id='word_1_303' title='bbox 415 2978 495 3027; x_wconf 81' lang='lat' dir='ltr'>which</span> <span class='ocrx_word' id='word_1_304' title='bbox 506 2994 558 3027; x_wconf 87' lang='lat' dir='ltr'>was</span> <span class='ocrx_word' id='word_1_305' title='bbox 569 2979 666 3038; x_wconf 85' lang='lat' dir='ltr'>already</span> <span class='ocrx_word' id='word_1_306' title='bbox 677 2977 707 3027; x_wconf 89' lang='lat' dir='ltr'>de</span> <span class='ocrx_word' id='word_1_307' title='bbox 725 2978 820 3040; x_wconf 73' lang='lat' dir='ltr'>arting.¹</span> 
     </span>
    </p>

    <p class='ocr_par' dir='ltr' id='par_1_11' title="bbox 103 3037 785 3145">
     <span class='ocr_line' id='line_1_40' title="bbox 103 3037 785 3145; baseline 0 -59"><span class='ocrx_word' id='word_1_308' title='bbox 103 3045 112 3068; x_wconf 85' lang='lat'><strong>⁴</strong></span> <span class='ocrx_word' id='word_1_309' title='bbox 125 3043 131 3066; x_wconf 80' lang='lat'><strong>⁴</strong></span> <span class='ocrx_word' id='word_1_310' title='bbox 142 3038 231 3108; x_wconf 76' lang='lat' dir='ltr'>Naked</span> <span class='ocrx_word' id='word_1_311' title='bbox 241 3037 258 3096; x_wconf 69' lang='grc' dir='ltr'>ς’</span> <span class='ocrx_word' id='word_1_312' title='bbox 272 3037 365 3108; x_wconf 72' lang='lat' dir='ltr'>thetis,</span> <span class='ocrx_word' id='word_1_313' title='bbox 378 3037 536 3097; x_wconf 85' lang='lat' dir='ltr'>unproteoted</span> <span class='ocrx_word' id='word_1_314' title='bbox 548 3039 581 3145; x_wconf 67' lang='lat' dir='ltr'>hp</span> <span class='ocrx_word' id='word_1_315' title='bbox 592 3053 606 3086; x_wconf 86' lang='lat' dir='ltr'>a</span> <span class='ocrx_word' id='word_1_316' title='bbox 616 3047 697 3086; x_wconf 75' lang='lat' dir='ltr'>cont-o</span> <span class='ocrx_word' id='word_1_317' title='bbox 708 3037 785 3106; x_wconf 72' lang='lat' dir='ltr'>mail.</span> 
     </span>
    </p>

    <p class='ocr_par' dir='ltr' id='par_1_12' title="bbox 103 3096 929 3205">
     <span class='ocr_line' id='line_1_41' title="bbox 103 3096 929 3205; baseline 0 -59"><span class='ocrx_word' id='word_1_318' title='bbox 103 3107 111 3132; x_wconf 86' lang='lat'><strong>¹</strong></span> <span class='ocrx_word' id='word_1_319' title='bbox 124 3097 243 3146; x_wconf 88' lang='lat' dir='ltr'>‘Prerced</span> <span class='ocrx_word' id='word_1_320' title='bbox 254 3097 315 3156; x_wconf 87' lang='lat' dir='ltr'>deep</span> <span class='ocrx_word' id='word_1_321' title='bbox 327 3107 377 3144; x_wconf 89' lang='lat' dir='ltr'>rnto</span> <span class='ocrx_word' id='word_1_322' title='bbox 386 3097 402 3154; x_wconf 89' lang='lat'>;’</span> <span class='ocrx_word' id='word_1_323' title='bbox 414 3096 506 3204; x_wconf 68' lang='lat' dir='ltr'>alwaps</span> <span class='ocrx_word' id='word_1_324' title='bbox 517 3113 561 3166; x_wconf 81' lang='lat' dir='ltr'>use</span> <span class='ocrx_word' id='word_1_325' title='bbox 589 3097 617 3145; x_wconf 88' lang='lat' dir='ltr'>of</span> <span class='ocrx_word' id='word_1_326' title='bbox 624 3113 638 3145; x_wconf 89' lang='lat' dir='ltr'>a</span> <span class='ocrx_word' id='word_1_327' title='bbox 648 3113 709 3205; x_wconf 64' lang='lat' dir='ltr'>verp</span> <span class='ocrx_word' id='word_1_328' title='bbox 718 3112 831 3158; x_wconf 82' lang='lat' dir='ltr'>vigorous</span> <span class='ocrx_word' id='word_1_329' title='bbox 842 3097 929 3147; x_wconf 88' lang='lat' dir='ltr'>thmst.</span> 
     </span>
    </p>

    <p class='ocr_par' dir='ltr' id='par_1_13' title="bbox 71 3154 990 3573">
     <span class='ocr_line' id='line_1_42' title="bbox 101 3154 990 3226; baseline 0.001 -20"><span class='ocrx_word' id='word_1_330' title='bbox 101 3163 110 3188; x_wconf 80' lang='lat'><strong>⁰</strong></span> <span class='ocrx_word' id='word_1_331' title='bbox 123 3157 267 3212; x_wconf 85' lang='lat' dir='ltr'>Peucestes,</span> <span class='ocrx_word' id='word_1_332' title='bbox 280 3156 428 3226; x_wconf 80' lang='lat' dir='ltr'>Leonnatus,</span> <span class='ocrx_word' id='word_1_333' title='bbox 441 3173 472 3205; x_wconf 88' lang='lat' dir='ltr'>an</span> <span class='ocrx_word' id='word_1_334' title='bbox 499 3157 640 3213; x_wconf 86' lang='lat' dir='ltr'>Anstonus‚</span> <span class='ocrx_word' id='word_1_335' title='bbox 651 3154 683 3205; x_wconf 88' lang='lat' dir='ltr'>all</span> <span class='ocrx_word' id='word_1_336' title='bbox 711 3156 814 3220; x_wconf 80' lang='lat' dir='ltr'>elonged</span> <span class='ocrx_word' id='word_1_337' title='bbox 825 3167 850 3206; x_wconf 91' lang='lat' dir='ltr'>to</span> <span class='ocrx_word' id='word_1_338' title='bbox 861 3157 902 3206; x_wconf 87' lang='lat' dir='ltr'>the</span> <span class='ocrx_word' id='word_1_339' title='bbox 914 3171 990 3207; x_wconf 88' lang='lat' dir='ltr'>seven</span> 
     </span>
     <span class='ocr_line' id='line_1_43' title="bbox 72 3215 987 3356; baseline 0.004 -34"><span class='ocrx_word' id='word_1_340' title='bbox 72 3215 431 3356; x_wconf 45' lang='lat' dir='ltr'>sepppppssppirnpftplpesolppg,</span> <span class='ocrx_word' id='word_1_341' title='bbox 442 3275 484 3323; x_wconf 88' lang='lat' dir='ltr'>the</span> <span class='ocrx_word' id='word_1_342' title='bbox 495 3274 552 3323; x_wconf 82' lang='lat' dir='ltr'>wall</span> <span class='ocrx_word' id='word_1_343' title='bbox 560 3275 577 3332; x_wconf 88' lang='lat'>;&#39;</span> <span class='ocrx_word' id='word_1_344' title='bbox 589 3274 643 3323; x_wconf 86' lang='lat' dir='ltr'>that</span> <span class='ocrx_word' id='word_1_345' title='bbox 654 3275 684 3333; x_wconf 88' lang='lat' dir='ltr'>is,</span> <span class='ocrx_word' id='word_1_346' title='bbox 700 3275 788 3338; x_wconf 78' lang='lat' dir='ltr'>‘going</span> <span class='ocrx_word' id='word_1_347' title='bbox 798 3276 870 3338; x_wconf 81' lang='lat' dir='ltr'>along</span> <span class='ocrx_word' id='word_1_348' title='bbox 881 3278 922 3327; x_wconf 90' lang='lat' dir='ltr'>the</span> <span class='ocrx_word' id='word_1_349' title='bbox 933 3279 987 3326; x_wconf 89' lang='lat' dir='ltr'>bot·</span> 
     </span>
     <span class='ocr_line' id='line_1_44' title="bbox 72 3333 988 3463; baseline 0.007 -23"><span class='ocrx_word' id='word_1_350' title='bbox 72 3333 239 3463; x_wconf 52' lang='lat' dir='ltr'>wll‘iialllet</span> <span class='ocrx_word' id='word_1_351' title='bbox 250 3393 288 3442; x_wconf 86' lang='lat' dir='ltr'>his</span> <span class='ocrx_word' id='word_1_352' title='bbox 300 3391 379 3443; x_wconf 89' lang='lat' dir='ltr'>shield</span> <span class='ocrx_word' id='word_1_353' title='bbox 389 3393 462 3443; x_wconf 85' lang='lat' dir='ltr'>sink.’</span> <span class='ocrx_word' id='word_1_354' title='bbox 494 3392 524 3442; x_wconf 91' lang='lat' dir='ltr'>In</span> <span class='ocrx_word' id='word_1_355' title='bbox 534 3392 605 3442; x_wconf 88' lang='lat' dir='ltr'>order</span> <span class='ocrx_word' id='word_1_356' title='bbox 614 3403 640 3444; x_wconf 94' lang='lat' dir='ltr'>to</span> <span class='ocrx_word' id='word_1_357' title='bbox 650 3403 743 3456; x_wconf 86' lang='lat' dir='ltr'>protect</span> <span class='ocrx_word' id='word_1_358' title='bbox 760 3395 801 3445; x_wconf 86' lang='lat' dir='ltr'>the</span> <span class='ocrx_word' id='word_1_359' title='bbox 819 3395 885 3458; x_wconf 83' lang='lat' dir='ltr'>king,</span> <span class='ocrx_word' id='word_1_360' title='bbox 899 3396 929 3445; x_wconf 92' lang='lat' dir='ltr'>he</span> <span class='ocrx_word' id='word_1_361' title='bbox 940 3396 988 3447; x_wconf 88' lang='lat' dir='ltr'>had</span> 
     </span>
     <span class='ocr_line' id='line_1_45' title="bbox 71 3451 364 3573; baseline 0.007 -13"><span class='ocrx_word' id='word_1_362' title='bbox 71 3451 364 3573; x_wconf 38' lang='lat' dir='ltr'>rosnopppgppgpfinhffl</span> 
     </span>
    </p>
   </div>
   <div class='ocr_carea' id='block_1_7' title="bbox 0 0 1152 3842">
    <p class='ocr_par' dir='ltr' id='par_1_14' title="bbox 0 0 1152 3842">
     <span class='ocr_line' id='line_1_46' title="bbox 0 0 1152 3842; baseline 0 3"><span class='ocrx_word' id='word_1_363' title='bbox 0 0 1152 3842; x_wconf 95' lang='lat' dir='ltr'> </span> 
     </span>
    </p>
   </div>
   <div class='ocr_carea' id='block_1_8' title="bbox 786 2100 1074 2170">
    <p class='ocr_par' dir='ltr' id='par_1_15' title="bbox 786 2100 1074 2170">
     <span class='ocr_line' id='line_1_47' title="bbox 786 2100 1074 2170; baseline 0.01 -18"><span class='ocrx_word' id='word_1_364' title='bbox 786 2100 902 2170; x_wconf 82' lang='lat' dir='ltr'>atigetus</span> <span class='ocrx_word' id='word_1_365' title='bbox 924 2117 995 2154; x_wconf 91' lang='lat' dir='ltr'>sum-</span> <span class='ocrx_word' id='word_1_366' title='bbox 1071 2116 1074 2127; x_wconf 75' lang='grc'><strong>“</strong></span> 
     </span>
    </p>
   </div>
  </div>
 </body>
</html>
