2274 3844
179 213 236 268 180
445 225 484 266 ua
508 225 614 266 essars
636 226 820 266 russanum.

176 343 300 406 parentes
311 334 401 388 liberis
413 334 433 386 ei
446 343 590 403 occurrant,
604 345 631 386 et
643 334 737 402 ingrati
753 344 779 386 et
795 334 871 386 invisi
884 343 956 386 sunt.
995 335 1088 388 Contra

176 421 237 458 cum
250 404 325 457 donis
337 403 501 470 honoramur,
519 420 582 456 curn
600 405 726 472 praemiis
742 405 828 456 onusti
849 404 1017 470 revertimur,
1032 405 1089 472 quis

176 474 245 528 serre
257 491 305 526 nos
316 482 401 544 potest
410 474 431 524 l¹
443 474 505 542 quis
516 473 589 526 illam
597 475 744 526 animorum
754 474 921 525 alacritatem
931 474 1089 528 continere?

176 543 349 596 Militantium
370 560 420 594 nec
440 542 592 610 indignatio,
612 560 662 596 nec
682 543 781 594 laetitia
802 544 944 602 moderata,
961 554 1012 594 est.
1048 544 1088 595 Ad

174 629 269 666 omnes
291 612 404 665 affectus
428 613 529 681 impetu
552 613 676 680 rapimur..
714 613 910 681 Vituperamus,
937 611 1087 680 laudamus,

175 683 340 750 miseremur,
367 683 511 749 irascimur,
538 689 672 750 utcunque
699 697 825 750 praesens
851 682 937 733 movit
965 681 1086 733 affectio:

174 751 254 805 modo
278 751 382 804 lndiam
404 751 477 804 adire
496 758 523 802 et
543 751 679 804 Oceanum
699 751 772 820 libet,
793 751 872 803 morlo
894 750 1046 819 conjugum
1064 759 1087 802 et

175 821 318 875 liberorum
331 823 482 889 patriaeque
495 821 623 872 memoria
634 821 752 873 occurrit.
778 819 828 873 Sed
843 819 892 871 has
905 821 1085 888 cogitationes,

175 891 224 944 has
243 891 310 942 inter
327 907 356 942 se
374 889 580 958 colloquentium
592 891 692 959 vocee,²
707 891 812 957 signum
830 889 893 940 tuba
906 889 1006 941 datum
1019 890 1085 940 finit:

175 961 202 1014 in
215 977 275 1013 suos
287 961 398 1029 quisque
410 959 516 1011 ordines
528 960 665 1028 currimus,
676 969 702 1011 et
711 960 835 1028 quicquid
850 959 950 1010 irarum
965 961 992 1010 in
1007 959 1088 1011 taber-

175 1030 270 1084 naculo
283 1037 442 1098 conceptum
455 1038 494 1080 est
508 1029 534 1080 in
548 1027 662 1081 hostium
680 1029 822 1080 effunditur
839 1029 938 1096 capita.
980 1029 1087 1080 Utinam

176 1099 293 1153 Philotas
310 1115 415 1168 quoque
434 1099 500 1150 intra
512 1098 594 1151 verba
608 1097 759 1167 peccasset!
797 1096 910 1151 Proinde
923 1096 961 1148 ad
975 1099 1003 1149 id
1017 1115 1087 1167 prae·
1133 1154 1134 1157 Ἴ

174 1178 270 1236 vertas,
283 1169 468 1238 propterquod
481 1168 519 1220 rei
532 1185 632 1220 sumus.

210 1245 235 1291 4.
254 1238 416 1306 Amicitiam,
436 1254 504 1306 quae
524 1237 600 1290 nobis
618 1254 679 1290 cum
698 1237 801 1289 Philota
818 1235 876 1304 fuir,
895 1236 966 1286 adeo
987 1253 1042 1289 non
1060 1253 1088 1288 eo

125 1301 128 1314 '
175 1308 293 1376 inlitias,³
310 1317 338 1360 ut
356 1309 488 1376 expetisse
506 1323 611 1375 quoque
629 1324 682 1374 nos,
699 1322 863 1374 magnosque
880 1323 915 1358 ex
933 1323 967 1356 eo
988 1305 1089 1360 fructus

175 1378 327 1448 percepisse
339 1377 474 1429 confitear.
510 1380 551 1428 An
566 1393 626 1428 vero
639 1377 826 1443 Parmenionis,
840 1392 920 1443 quem
938 1375 991 1427 tibi
1005 1378 1089 1444 proxi·

175 1463 249 1500 mum
268 1463 327 1498 esse
340 1445 451 1515 voluisti,
469 1446 560 1514 filiurn,
577 1463 670 1498 omnes
688 1462 773 1514 paene
793 1445 894 1496 amicos
914 1454 976 1496 tuos
997 1445 1087 1514 digna·

175 1517 257 1568 lione⁴
268 1516 427 1578 vincentem,
441 1516 542 1568 cultum
561 1532 577 1566 a
595 1515 672 1568 nobis
683 1532 742 1567 esse
755 1514 876 1568 mirarisl
912 1515 954 1566 Tu
970 1513 1088 1584 hercule,

174 1585 197 1638 si
210 1601 303 1636 verum
315 1583 406 1636 audire
419 1585 466 1654 vis,
481 1602 534 1653 rex,
548 1584 628 1651 hujus
644 1584 719 1637 nobis
732 1584 839 1652 periculi
852 1601 881 1635 es
893 1600 986 1636 causa.
1024 1585 1090 1643 Quis

173 1655 248 1707 enim
267 1654 335 1706 alius
353 1653 451 1724 effecit,
470 1663 499 1706 ut
519 1655 554 1706 ad
576 1654 706 1720 Philotam
726 1655 894 1706 decurrerent
913 1655 959 1719 qui
981 1655 1089 1722 placere

174 1723 274 1776 vellent
293 1723 359 1776 tibil
395 1724 438 1777 Ab
456 1723 500 1776 illo
519 1723 606 1776 traditi
618 1724 653 1776 ad
665 1723 736 1776 hunc
748 1723 858 1790 gradum
872 1723 1012 1775 amicitiae
1026 1734 1089 1776 tuae

173 1793 352 1846 ascendimus.
388 1793 415 1846 ls
426 1793 496 1862 apud
509 1803 535 1845 te
548 1793 604 1862 fuit,
618 1793 695 1862 cnjus
705 1794 815 1860 gratiam
829 1803 963 1860 expetere,
979 1802 1007 1845 et
1021 1795 1089 1846 iram

174 1863 268 1918 timere
288 1865 448 1933 possemus.⁶
482 1864 524 1915 An
544 1879 595 1916 non
616 1863 808 1931 propemodum
827 1862 853 1914 in
872 1871 917 1915 tua
937 1863 1033 1916 verba⁶
1051 1863 1088 1915 tul

173 1949 268 1988 omnes
287 1943 314 1985 te
334 1941 478 2002 praeeunte
500 1932 653 2002 juravimus,
675 1932 785 1984 eosdem
808 1948 855 1983 nos
875 1932 1002 1984 inimicos
1022 1934 1088 1986 ami·

174 2019 272 2072 cosque
293 2003 428 2055 habituros
448 2019 515 2070 esse,
536 2019 602 2070 quos
621 2011 650 2054 tu
671 2001 804 2054 haberesl
839 2001 895 2052 Hoc
916 2011 1088 2056 sacramento

173 2073 281 2142 pietatis
305 2071 423 2124 obstricti
448 2087 631 2124 aversaremur
656 2071 776 2138 scilicet,⁷
801 2087 879 2140 quern
906 2080 935 2122 tu
962 2071 1089 2124 omnibus

193 2140 358 2194 raelerebas!
397 2141 486 2210 Igitur,
506 2140 529 2192 si
547 2140 597 2192 hoo
616 2141 716 2194 crimen
737 2148 785 2205 est,
805 2157 903 2208 paucos
927 2141 1088 2194 innocentes

210 2211 272 2263 bes:
303 2211 385 2264 immo
415 2209 522 2263 hercule
552 2211 695 2264 neminem.
741 2211 841 2263 Omnes
865 2211 936 2262 enim
962 2211 1087 2263 Philotae

173 2280 253 2332 amici
271 2296 330 2332 esse
348 2279 495 2348 voluerunt,
514 2279 563 2332 sed
582 2279 700 2350 totidem,
718 2290 782 2348 quot
799 2279 923 2332 volebant
945 2295 1015 2347 esse,
1036 2297 1088 2333 non

173 2356 301 2418 poterant.
337 2349 384 2416 lta,
399 2350 419 2400 si
432 2365 448 2400 a
460 2350 573 2402 consciis
590 2350 692 2402 amicos
709 2365 759 2402 non
778 2348 882 2417 dividis,
897 2367 929 2401 ne
943 2349 979 2402 ab
991 2351 1089 2403 amicis

172 2417 280 2486 quidem
310 2419 446 2496 separabis
475 2418 540 2487 illos,
565 2419 611 2488 qui
636 2419 708 2472 idem
732 2435 791 2472 esse
814 2419 963 2472 voluerunt.
1010 2419 1086 2478 Quod

172 2486 250 2554 igitur
262 2488 439 2538 conscientiae
451 2487 561 2540 affertur
573 2488 719 2540 indicium?
757 2489 791 2542 Ut
808 2489 905 2556 opinor,
920 2490 984 2556 quia
1002 2489 1088 2559 pridie

171 2555 338 2608 familiariter
361 2564 387 2608 et
408 2557 464 2609 sine
482 2559 585 2610 arbitris
603 2557 707 2612 locutus
726 2567 766 2610 est
786 2557 940 2611 nobiscum!
980 2562 1018 2612 At
1037 2575 1087 2626 ego

171 2641 283 2696 purgare
301 2641 351 2678 non
373 2642 488 2696 possem,
501 2627 524 2678 si
545 2627 627 2696 pridie
648 2631 793 2696 quicquam
813 2643 848 2680 ex
867 2637 959 2680 vetere
978 2629 1037 2680 vita
1054 2643 1087 2680 ac

200 2766 208 2788 ¹
221 2759 303 2810 ‘Who
314 2774 359 2808 can
368 2761 427 2808 bear
438 2759 490 2808 ust’
507 2759 560 2807 that
574 2759 603 2815 is,
619 2760 690 2808 ‘who
700 2775 745 2808 can
756 2760 845 2808 endure
857 2776 901 2808 our
912 2761 1029 2822 beasting
1039 2762 1085 2810 aad

172 2819 233 2880 losty
243 2819 310 2900 ideas
322 2819 349 2867 ol
363 2835 408 2868 our
425 2834 481 2867 own
498 2819 590 2875 merite,
603 2835 630 2867 or
646 2828 672 2866 to
683 2819 764 2867 whom
780 2835 819 2868 are
835 2821 904 2868 these
921 2830 964 2868 not
980 2821 1085 2870 burden-

170 2883 320 2986 sogn‘e'lthess
331 2937 505 3006 expressions,’
519 2953 545 2985 or
559 2937 622 2985 ‘this
634 2937 691 2984 lrind
702 2936 730 2986 os
739 2937 875 2998 language.’

199 2997 243 3043 'A
255 2997 341 3054 phrase
353 2996 490 3056 eanvalent
502 3006 527 3044 to
539 2998 637 3058 infitior,
650 2999 696 3044 ari.
727 2997 775 3044 See
789 2997 868 3046 Graan.
881 2998 943 3054 §BQ
956 3003 981 3052 5.
995 3009 1052 3048 note
1063 3003 1083 3048 1.

199 3060 208 3084 ⁴
221 3055 336 3104 ‘Honour
346 3072 373 3104 or
383 3056 522 3104 distinction
529 3057 546 3112 ;'
559 3059 620 3114 qood
630 3064 657 3102 ta
667 3054 755 3104 eom'd'
772 3057 875 3106 acharis.

200 3123 208 3147 ⁵
219 3114 267 3164 For
278 3115 319 3161 the
331 3115 533 3164 constructiones
544 3115 585 3162 the
601 3114 701 3162 relative
713 3117 754 3162 wit
789 3114 829 3163 the
846 3117 1002 3176 subiunctive
1015 3117 1080 3175 here,

171 3189 212 3224 see
228 3173 308 3222 Grom.
320 3174 395 3230 §360‚
409 3178 430 3224 3.

198 3239 207 3264 ¹
218 3233 249 3280 In
259 3235 362 3294 alr'cajos
374 3236 534 3295 verbo‘jarcre
543 3248 627 3281 means
641 3237 681 3280 ‘to
692 3232 749 3280 talre
758 3249 788 3281 an
797 3233 854 3284 oath
863 3233 891 3282 ol
897 3233 994 3295 fidelity
1004 3245 1029 3285 to
1036 3250 1083 3297 any

170 3308 216 3340 one
224 3293 241 3350 ;'
254 3294 294 3338 the
306 3297 446 3358 termteerba
457 3309 540 3342 means
549 3292 606 3341 here
618 3293 659 3340 the
671 3292 774 3340 formula
783 3292 811 3340 os
823 3293 864 3342 the
876 3293 943 3342 cath.

200 3349 333 3398 ‘Ironicalr
353 3354 384 3395 ‘rt
396 3365 446 3398 was
462 3367 505 3399 our
520 3352 580 3411 duty
592 3367 622 3398 no
638 3351 713 3401 doubt
729 3361 754 3399 to
770 3351 866 3411 despice
877 3352 929 3400 him
940 3353 1026 3403 whom
1035 3370 1081 3416 you

169 3407 292 3474 preferred
311 3417 336 3453 to
356 3406 413 3453 alll’
446 3408 500 3456 The
521 3409 636 3469 principle
652 3411 680 3458 of
696 3410 738 3458 the
756 3412 910 3472 subjunctive
927 3412 987 3462 here
1003 3415 1025 3463 is
1041 3414 1082 3462 the

169 3479 237 3512 same
248 3479 275 3512 aa
286 3479 311 3512 rn
321 3463 362 3512 the
374 3479 429 3511 oasa
440 3465 468 3513 ol
481 3466 560 3515 Grani.
573 3468 586 3518 l
597 3471 650 3518 349.
