2274 3844
480 243 572 285 ursan
592 243 656 284 rur.
963 231 1022 286 219

143 359 294 413 saeternae,
305 352 360 401 that
371 353 401 402 he
413 355 505 419 always
516 353 573 417 psid
585 362 682 416 respect
698 361 723 403 to
735 356 801 404 what
811 371 862 406 was
874 356 1021 406 honourable

143 435 172 466 or
183 419 253 466 noble
265 419 291 466 ia
303 419 342 467 his
352 420 467 468 enemics.

111 549 406 619 Acerranorumque
424 550 496 602 sama
513 567 594 672 quam
611 551 703 619 gloria¹
722 551 748 604 iu
767 551 900 606 dicionem
914 553 1022 605 redacta

111 628 195 688 petra,
208 635 269 672 cum
285 630 390 688 propter
401 635 500 686 vagum
537 630 621 673 ostem
642 621 804 690 spargendae
817 639 911 674 manus
923 632 1020 692 essent,

113 691 139 740 iu
153 697 206 740 tres
218 698 307 756 partes
318 689 406 740 divisit
419 689 575 741 exercitum.
612 690 837 758 Hephaestionem
851 693 904 760 uni,
918 693 1022 745 Coenon

111 759 190 810 alteri
202 758 285 810 duces
297 758 422 810 dederat:
443 760 499 827 ipse
515 759 610 810 ceteris
623 769 751 827 praeerat.
788 760 839 813 Sed
857 777 908 813 non
927 761 1021 814 eadem

112 845 191 880 mens
205 829 328 880 omnibus
339 827 457 880 barbaris
470 828 526 880 luit.
562 829 652 880 Armis
670 829 779 897 quidam
798 829 916 898 subacti3
934 831 1024 899 plures

111 907 175 949 ante
194 908 329 950 certamen
347 898 477 966 imperata
495 897 622 966 lecerunt,
642 899 739 967 quibus
757 915 856 967 eorum,
870 901 915 967 qui
933 901 959 952 in
977 899 1023 952 de·

111 967 228 1019 tectione
247 974 487 1036 perseveraverant,
501 966 580 1018 urbes
595 983 723 1036 agrosque
741 967 818 1037 jussit
836 968 951 1021 attribui.
987 972 1022 1021 At

112 1037 208 1088 exules
225 1036 355 1088 Bactriani
373 1053 434 1088 curn
453 1036 539 1088 DCCC
557 1037 782 1104 Massagetarum²
793 1037 926 1106 equitibus
938 1038 1023 1107 proxi·

73 1129 81 1152 t
111 1121 172 1158 mos
184 1105 257 1158 vicos
269 1113 447 1158 vastaverunt.
478 1105 521 1157 Ad
534 1121 600 1174 quos
611 1106 772 1160 coercendos
783 1109 895 1176 Attinas,
911 1107 1024 1175 regionis

111 1175 172 1243 ejus
192 1174 350 1244 praefectus,
370 1175 432 1227 CCC
452 1175 563 1246 equites,
585 1175 748 1246 insidiarum,
767 1193 836 1246 quae
856 1175 1022 1246 parabantur,

112 1246 227 1314 ignarus,
248 1245 347 1297 eduxit.
382 1245 506 1312 Namque
525 1243 609 1296 hostis
627 1244 654 1297 in
674 1246 754 1314 silvis,
775 1261 844 1314 quae
863 1253 938 1298 erant
956 1246 1023 1298 forte

112 1331 208 1384 campo
230 1313 346 1383 junctae,
367 1323 499 1366 armatum
522 1313 635 1366 militem
659 1315 785 1382 condidit,
807 1316 898 1384 paucis
922 1315 1023 1386 propel-

111 1384 229 1436 lentibus
249 1401 352 1454 pecora‚
373 1390 402 1436 ut
421 1383 597 1450 improvidum
619 1383 653 1435 ad
678 1385 787 1446 insidias
810 1385 909 1454 praeda
929 1384 1023 1454 perdu-
1056 1398 1064 1410 ·

112 1455 206 1505 caret.³
252 1455 343 1522 ltaque
378 1453 549 1522 incomposito
577 1454 684 1520 agmine
708 1455 859 1524 solutisque
889 1454 1024 1508 ordinibus

112 1525 219 1576 Attinas
247 1523 462 1591 praedabundus⁴
484 1521 659 1591 sequebatur3
688 1541 770 1592 quem
798 1532 1023 1592 praetergressum

111 1593 215 1662 silvam,
229 1594 275 1660 qui
292 1593 318 1644 in
336 1609 369 1643 ea
386 1591 566 1660 consederant,
584 1607 618 1645 ex
637 1592 777 1661 improviso
788 1593 879 1661 adorti,
893 1611 956 1646 curu
968 1611 1023 1646 om·

112 1663 192 1716 nibus
220 1663 418 1714 interemerunt.
465 1660 592 1713 Celeriter
614 1660 649 1714 ad
674 1663 811 1715 Craterum
834 1663 914 1732 hujus
939 1663 1023 1715 cladis

111 1731 187 1784 fama
206 1731 307 1800 perlata
327 1739 384 1800 est;
407 1732 452 1799 qui
476 1745 537 1782 cum
561 1732 633 1782 omui
656 1732 777 1799 equitatu
801 1733 969 1800 supervenit:
995 1741 1022 1784 et

110 1802 284 1868 Massagetae
309 1801 417 1869 quidem
439 1799 494 1868 jam
515 1799 673 1867 refugerant,
697 1800 788 1852 Dahae
808 1801 882 1854 mille
903 1802 1020 1870 oppressi

111 1880 189 1924 suut:
210 1885 320 1938 quorum
339 1870 414 1922 clade
427 1869 506 1920 totius
519 1868 632 1936 regionis
643 1868 717 1920 finita
729 1869 844 1921 delectio
857 1877 906 1922 est.
941 1871 1022 1923 Alex·

110 1942 195 1993 ander
206 1955 320 2008 quoque,
337 1939 474 2006 Sogdianis
490 1953 577 1989 rursus
595 1937 719 2006 subactis,
737 1939 901 1990 Maracanda
917 1940 1019 2008 repetit.

111 2010 151 2064 lbi
182 2008 290 2078 Berdes,
318 2026 398 2078 quem
424 2008 459 2060 ad
489 2005 602 2075 Scythas
628 2023 705 2076 super
732 2007 876 2078 Bosporum
905 2008 1022 2060 colentes

110 2082 240 2147 miserat‚⁵
251 2095 313 2130 cum
325 2079 421 2146 legatis
432 2078 519 2145 gentis
530 2075 648 2128 occurrit.
685 2075 896 2146 Phrataphernes
908 2093 1020 2146 quoque,

109 2151 156 2218 qui
170 2149 333 2201 Chorasmiis
345 2147 484 2218 praeerat‚⁶
496 2146 657 2213 Massagetis
675 2156 701 2198 et
720 2145 802 2198 Dahis
814 2147 949 2214 regionum
961 2163 1021 2198 con·

109 2219 173 2271 finio
186 2218 334 2288 adjunctus,
347 2218 463 2284 miserat,
477 2217 521 2284 qui
534 2215 665 2267 sactorum
684 2217 812 2284 imperata
827 2215 1019 2284 pollicerentur.

110 2288 228 2358 Scythae
249 2287 382 2356 petebant,
404 2294 432 2338 ut
454 2285 524 2353 regis
544 2285 583 2335 sui
604 2285 686 2338 filiam
707 2286 873 2338 matrimonio
893 2286 943 2339 sibi
962 2286 1020 2356 jun-

109 2367 201 2426 geret:
233 2359 254 2409 si
278 2357 464 2424 dedignaretur
486 2353 653 2422 affinitatem,
680 2355 812 2424 principes
841 2356 1019 2408 Macedonum

109 2445 175 2480 curn
188 2427 345 2496 primoribus
357 2443 420 2478 suae
432 2424 518 2493 gentis
530 2424 659 2478 connubio
677 2427 747 2476 coire
766 2434 914 2496 pateretur:
933 2426 1020 2496 ipsum
1087 2481 1090 2486 ,

109 2514 216 2566 quoque
240 2513 332 2564 regem
354 2502 493 2546 venturum
517 2493 551 2545 ad
575 2511 638 2547 eum
661 2493 861 2564 pollicebantur.
903 2495 1020 2563 Utraque

109 2567 244 2636 legatione
262 2565 376 2633 benigne
394 2564 491 2632 audita,
509 2562 733 2632 Hephaestionem
751 2575 777 2616 et
796 2563 959 2618 Artabazum
976 2581 1020 2631 cp·

110 2637 225 2706 periens,
240 2637 336 2688 stativa
354 2634 462 2686 habuit:
482 2632 579 2702 quibus
597 2633 736 2704 adjunctis,
756 2635 782 2686 iu
801 2635 934 2700 regionem
952 2649 1020 2700 quae

45 2739 49 2746 ι
109 2706 259 2776 appellatur
272 2705 381 2756 Bazaira
393 2705 520 2772 pervenit.

146 2781 171 2826 2.
191 2775 322 2827 Barbarae
340 2773 489 2842 opulentiae
509 2773 535 2824 in
553 2772 605 2824 illis
622 2771 688 2823 locis
699 2770 770 2823 haud
783 2769 836 2822 ulla
849 2778 908 2820 sunt
921 2767 1021 2836 majora

110 2845 219 2913 indicia,
233 2861 312 2913 quarn
331 2843 435 2910 maguis
454 2841 607 2894 nemoribus
624 2840 788 2906 saltibusque
807 2836 933 2890 nobilium
952 2836 1019 2888 fera-

140 2965 147 2987 ¹
160 2957 216 3005 The
228 2957 382 3018 subjugation
395 2955 422 3003 cf
434 2956 561 3002 Arimazes
578 2953 622 3001 and
639 2953 676 3000 his
687 2952 745 2999 roclr
757 2967 807 2998 was
818 2951 898 2998 rather
909 2967 922 2998 a
933 2961 1028 2998 matter·

110 3028 136 3065 to
147 3020 178 3066 be
187 3017 270 3064 talked
280 3019 352 3064 about
362 3015 407 3062 and
418 3015 512 3074 praised
523 3025 547 3062 at
558 3013 599 3060 the
609 3013 675 3068 time,
687 3011 745 3058 than
756 3011 814 3058 such
824 3027 850 3058 as
860 3010 940 3059 would
952 3010 1021 3072 bring

111 3077 253 3125 Alexander
264 3075 381 3134 enduring
391 3075 467 3134 glory.

139 3138 184 3184 ἏΑ
197 3135 313 3194 Scythian
325 3134 451 3188 (nomadic)
463 3133 533 3180 tribe.

140 3201 150 3224 ³
162 3201 168 3222 ⁴
179 3195 296 3248 lucader,
310 3195 341 3253 by
353 3192 394 3240 the
405 3202 517 3252 prospect
528 3189 555 3238 of
567 3191 649 3250 booty,
662 3198 688 3236 to
699 3188 751 3236 lead
764 3187 815 3238 him
826 3189 881 3238 who
892 3188 1020 3248 suspected

111 3255 214 3314 nothing
225 3254 275 3300 into
287 3252 327 3299 the
339 3252 458 3299 ambush.’

141 3314 198 3360 ‘As
211 3324 236 3360 to
247 3313 288 3359 the
301 3311 454 3358 terminaticn
464 3311 565 3363 bandus,
579 3321 620 3354 ree
634 3307 713 3355 Gram.
726 3307 739 3359 l
750 3311 800 3357 145.

141 3381 149 3404 ⁵
160 3373 207 3420 See
219 3372 259 3419 vii.
271 3374 308 3418 26.

140 3437 149 3461 ⁸
162 3427 224 3487 Not,
238 3431 359 3484 however,
373 3443 399 3476 as
411 3443 425 3475 a
436 3427 536 3474 Persian
547 3435 636 3484 satrap,
648 3427 691 3474 but
703 3442 730 3474 as
741 3443 771 3475 an
782 3427 941 3486 independent
953 3425 1019 3488 king.

112 3489 168 3538 The
181 3489 319 3538 Chorasmii
330 3502 417 3547 appear
427 3495 452 3535 to
463 3486 524 3534 bare
535 3485 609 3534 dwelt
620 3486 693 3534 about
704 3487 745 3534 the
757 3486 856 3534 modern
867 3485 961 3534 Chiwa
