2278 3846
438 261 529 302 araas
548 263 588 303 ιν.
926 249 964 303 95

44 379 171 426 mutatus
183 379 242 424 est:
263 370 331 424 sedit
344 370 488 424 immobilis
500 371 598 441 (credo,
608 371 757 440 praecoqui¹
768 371 866 440 gaudio
878 374 963 425 verita

46 443 153 496 irritare
177 441 331 509 fortunam),
356 440 422 492 adeo
447 451 482 507 ut,
502 441 564 509 quid
590 439 689 508 mallet,
715 440 877 494 intuentibus
900 461 960 495 earn

46 511 132 564 luerit
151 511 296 564 incertum.
331 510 401 562 lnter
425 513 491 562 haec
515 509 646 578 Menidas,
667 509 818 578 praefectus
840 527 856 562 e
876 512 961 566 uirum

46 579 208 648 Alexandri,
228 596 290 632 curn
308 580 399 647 paucis
423 579 516 630 tunnis
539 596 617 648 opem
643 576 842 646 impedimentis
857 527 962 632 laturus

44 650 208 718 advenerat,
228 649 358 700 incertum
382 665 463 700 suone
482 649 599 715 consitio,
618 665 651 700 an
671 647 739 714 regis
762 648 889 717 imperio;
913 649 960 702 sed

46 718 248 774 consustinuit
269 717 454 770 caucasiorum
475 717 685 785 Scytharumque
706 717 843 795 impeturn,
863 719 961 796 quippe
1057 747 1061 756 ι

47 790 93 841 vix
114 797 249 857 temptato
260 787 405 838 certamine
425 785 519 854 refugit
539 785 572 838 ad
593 802 961 855 regem,am1ssonrm1mpe·

45 857 234 910 dimentorum
265 855 339 908 testis
366 857 458 923 magis,
483 873 564 923 quarn
589 853 693 906 vindex.
738 855 799 908 lam
822 857 961 908 consilium

47 925 200 983 Alexandri
212 924 284 977 dolor
296 923 410 977 vicerat:
430 933 457 976 et
475 942 507 976 ne
526 941 590 978 cura
602 923 776 994 recuperandi
789 939 837 976 sua
849 924 961 976 militem

46 1013 64 1047 a
76 995 182 1065 proelio
193 1001 332 1060 averteret,
346 1011 396 1047 non
415 993 546 1046 immerito
560 993 707 1047 verebatur.
744 994 836 1061 ltaque
854 996 960 1059 Areten,

47 1063 340 1188 dfflm.h.a⁸¹⁸¹⁰l¹¹m
358 1063 560 1134 (sarissophoros
579 1061 728 1132 vocabant),
748 1061 877 1115 adversus
900 1063 962 1132 Scy·

48 1143 58 1186 t
130 1141 221 1186 mrttrt.

84 1207 130 1256 57.
151 1203 223 1256 Inter
242 1199 310 1254 haec
329 1218 427 1271 currus,
440 1201 486 1270 qui
505 1201 576 1254 cirea
596 1200 616 1252 si
654 1217 670 1252 a
689 1201 774 1269 prima
793 1199 962 1254 turbaverant

49 1275 151 1336 aciem,
165 1271 192 1326 iu
209 1269 369 1341 phalangem
387 1271 484 1324 invecti
502 1279 584 1324 erant.
618 1217 785 1322 ldacedones
802 1270 963 1324 confirmatis

50 1341 152 1396 animis
175 1341 204 1396 iu
226 1339 346 1394 medium
368 1357 464 1408 agmen
487 1339 629 1409 accipiunt.
665 1337 740 1392 Vallo
767 1339 861 1392 similis
889 1341 963 1392 acies

50 1418 124 1464 erat:
144 1409 285 1480 junxerant
303 1409 401 1479 hastas,
421 1418 447 1461 et
470 1409 505 1463 ab
524 1419 633 1487 utroque
651 1409 735 1460 latere
756 1417 856 1460 temere
878 1410 962 1461 incur·

52 1481 169 1534 rentium
187 1479 232 1532 ilia
249 1477 447 1532 suffodiebant.¹
481 1479 625 1531 Circumire
642 1477 739 1530 deinde
757 1494 848 1530 currus
866 1489 892 1531 et
905 1496 961 1547 pro·

52 1557 217 1618 pugnatores
233 1549 404 1617 praecipitare
428 1548 592 1617 coeperunt.³
626 1547 723 1615 Ingens
740 1551 815 1600 ruina
833 1564 960 1616 equorum

52 1620 258 1687 aurigarumque
280 1618 368 1670 aciem
391 1617 578 1687 compleverat.
615 1615 649 1668 Hi
672 1618 776 1669 territos
799 1633 890 1684 regere
910 1634 960 1670 uon

52 1695 183 1758 poteraut,
205 1686 251 1756 qui
270 1685 363 1740 crebra
383 1686 525 1755 jactatione
545 1686 680 1739 cervicum
700 1702 751 1738 non
768 1685 862 1806 pugum
883 1686 961 1739 modo

53 1764 235 1824 excusserant,
255 1754 303 1808 sed
326 1756 406 1808 etiam
430 1773 522 1808 currus
545 1761 709 1807 everterant:
735 1756 865 1810 vunerali
884 1756 962 1807 inter·

52 1827 140 1880 lectus
158 1825 304 1894 trahebant,
317 1842 367 1878 nec
382 1825 526 1879 consistere
547 1823 636 1892 territi,
650 1839 701 1875 neo
720 1823 838 1892 progredi
859 1823 962 1878 debiles

52 1904 184 1964 poterant.
221 1895 325 1948 Paucae
354 1903 446 1948 tamen
473 1909 582 1946 evasere
610 1891 756 1960 quadrigae
785 1893 812 1944 in
842 1893 962 1946 ultimam

51 1966 151 2033 aetem,
174 1963 216 2032 iis,
229 1963 326 2033 quibus
344 1963 498 2030 inciderunt,
512 1961 658 2016 miserabili
678 1970 762 2014 morte
783 1963 960 2032 consumptis:

51 2036 116 2103 quip
171 2041 308 2102 amputata
325 2035 440 2086 virorum
459 2033 579 2086 membra
603 2029 679 2083 humi
700 2028 833 2099 jacebant,
853 2041 880 2084 et
900 2033 963 2100 quia

51 2103 105 2160 oali
126 2105 131 2113 '
160 2102 250 2158 adhuc
262 2101 415 2156 vulneribus
434 2102 526 2156 aberat
545 2100 624 2170 dolor,
641 2100 726 2152 trunci
745 2116 852 2170 quoque
871 2108 897 2151 et
917 2101 962 2152 ‹le-

52 2173 120 2226 biles
138 2188 284 2226 armenon
305 2172 481 2240 omittebanr,⁴
500 2171 592 2240 donec,
614 2169 697 2222 mullo
717 2170 845 2238 sanguine
868 2169 960 2236 effuso,

53 2243 198 2297 exanimari
220 2241 430 2310 procumberent.
467 2239 575 2294 Interim
599 2241 702 2307 Aretes,
727 2237 893 2320 Scytharum,
917 2241 961 2308 qui

54 2310 246 2382 impedimenta
263 2309 430 2380 diripiebant,
450 2309 519 2364 duce
536 2309 629 2377 occiso,
645 2310 752 2376 gravius
770 2309 866 2362 territis
883 2321 962 2361 rnsta·

54 2383 106 2436 bat.
143 2381 325 2450 Supervenere
344 2379 440 2432 deinde
453 2398 468 2430 a
482 2381 565 2432 Dareo
578 2377 716 2442 Bactriani,
729 2395 886 2449 pugnaeque
907 2396 962 2431 ver-

53 2459 108 2506 tere
127 2450 270 2506 fanonem.
304 2449 385 2502 Multi
407 2466 468 2517 ergo
491 2448 672 2502 Macedonum
695 2449 779 2518 primo
798 2449 899 2518 impetu
918 2447 962 2500 ob-

55 2521 103 2575 tn'ti
123 2529 194 2588 sunt,
215 2518 303 2588 pluras
320 2518 353 2572 ad
373 2517 554 2572 Alexandrum
571 2517 731 2585 refugerunt.
767 2517 837 2570 Tum
857 2516 960 2586 Persae,

54 2588 289 2656 clamoresublato,
298 2589 407 2657 qualern
416 2588 528 2641 victores
537 2587 621 2640 solent
633 2585 721 2655 edere,
735 2586 857 2639 ferociter
868 2587 893 2638 in
905 2586 962 2638 hos-

56 2671 116 2729 tem,
126 2657 204 2728 quasi
212 2656 310 2727 ubique
318 2657 491 2727 profligatum,
501 2658 671 2710 incurrenrnt.
701 2656 852 2709 Alexander
862 2655 963 2706 territos

55 2732 189 2798 castigare,
202 2727 342 2793 adhortari,
356 2728 492 2798 proelium,
506 2725 575 2796 quod
587 2725 642 2796 jam
661 2724 822 2794 elanguerat,
836 2723 907 2775 solus
918 2739 961 2774 ao-

55 2799 176 2866 oendere,
188 2795 402 2865 confirmatisque
416 2796 522 2850 tandem
534 2796 638 2864 animis,
652 2795 689 2848 ire
702 2795 729 2847 in
741 2794 845 2847 hostem
856 2790 951 2860 jubet!

57 2871 961 2892 ffl—-fflffl

83 2920 90 2942 ¹
100 2911 136 2960 Or
146 2911 258 2974 praecoci,
273 2914 423 2968 ‘prenrature
432 2911 448 2966 ς’
463 2908 574 2964 literallv,
590 2906 707 2964 ‘unripe.‘
735 2902 791 2951 The
799 2905 858 2971 verb
869 2919 962 2964 coquere

57 2971 145 3022 'teused
157 2969 228 3018 when
241 2984 276 3016 we
288 2969 363 3027 speah
374 2968 402 3016 of
409 2969 448 3016 the
460 2984 505 3016 sun
516 2983 542 3015 or
551 2957 608 3014 heat
622 2962 754 3022 ‘ripening‘
767 2962 844 3030 srnrts.

81 3031 189 3089 ’‘They
200 3027 302 3076 stabbed
314 3028 339 3075 in
350 3027 390 3074 the
401 3028 467 3088 belly
478 3027 520 3074 the
531 3027 615 3073 horses
626 3022 706 3070 which
718 3036 760 3070 ran
770 3028 864 3081 against
875 3021 958 3070 them'

57 3089 100 3138 For
107 3089 158 3138 this
167 3103 271 3147 purpose
282 3086 323 3134 the
334 3089 446 3142 cariosae,
459 3102 486 3134 or
496 3101 579 3144 speurs
586 3078 800 3142 twenty-fourfeet
808 3079 874 3142 long,
885 3080 912 3130 os
919 3082 960 3130 the

59 3147 215 3197 Macedonian
226 3145 338 3204 infantry,
350 3161 414 3194 were
424 3161 484 3204 very
495 3143 550 3191 well
561 3140 639 3190 fitted.
785 3184 794 3192 N

82 3207 146 3256 ’For
157 3207 198 3254 the
210 3221 254 3254 use
265 3204 293 3252 of
298 3223 322 3254 co
351 3206 367 3259 i,
377 3204 448 3252 when
458 3205 475 3250 it
487 3217 567 3250 seems
579 3197 671 3259 merely
679 3207 704 3247 to
715 3198 770 3259 give
782 3213 796 3246 a
807 3199 960 3259 pictoresque

57 3265 121 3314 effect
135 3277 160 3314 to
171 3265 213 3312 the
225 3265 304 3312 action
316 3279 331 3310 o
356 3264 397 3311 the
408 3264 466 3309 verb
478 3262 495 3308 it
507 3275 618 3366 qoverne,
632 3275 672 3307 see
680 3259 746 3328 ¹Zurp
765 3272 783 3314 t,
797 3257 810 3310 b
822 3263 873 3308 753.
942 3317 947 3326 Ι

82 3332 89 3354 ⁰
101 3331 107 3352 ⁸
118 3325 190 3373 Thon
210 3321 363 3371 hmurilated
374 3321 421 3370 and
431 3335 513 3378 power
523 3335 572 3370 ess,
585 3317 644 3378 they
654 3317 703 3368 strll
715 3317 739 3366 dr
766 3327 807 3368 not
823 3317 881 3376 drop
898 3315 961 3364 their

56 3385 130 3432 aruns!
164 3339 667 3450 Afithisiseverygraphicadesoriptiom
845 3370 850 3383 '

82 3443 137 3502 *Up
148 3453 174 3490 to
184 3441 234 3491 this
244 3450 312 3496 tune,
325 3439 366 3488 the
379 3437 550 3486 Macedonum
561 3452 585 3483 ιη
596 3436 636 3484 the
652 3437 700 3485 hne
715 3435 744 3484 of
755 3433 887 3494 battlehad
898 3435 959 3482 been

55 3501 165 3562 occupied
176 3500 270 3560 merely
280 3499 305 3547 in
316 3497 446 3558 desending
457 3495 604 3544 themselves
614 3495 674 3544 from
686 3495 727 3544 the
737 3491 948 3555 scythechariots.
