2294 3842
128 219 188 274 m
392 234 431 275 ua
455 233 563 275 essars
584 233 768 274 suumn.

127 343 256 414 irruperat
273 343 385 412 stipatim
402 341 548 396 satellitum
564 342 649 410 turba,
660 358 774 411 quorum
792 343 916 411 preceps
932 342 1038 399 Melea·

126 430 183 482 ger.
220 414 356 482 lratusqua
380 413 506 466 Perdicca
529 411 584 480 hos,
609 414 653 480 qui
679 411 824 464 Alexandri
847 429 946 480 corpus
969 411 1038 466 tucri

128 482 235 552 vellent,
253 493 378 550 mancat,
401 482 448 534 sed
467 483 512 551 qui
531 483 675 550 irruperant
694 482 799 533 eminus
818 481 874 534 tela
897 481 926 534 in
951 483 1039 550 ipsum

127 552 269 621 jaciebant.
306 552 453 621 Multisque
474 551 625 619 vulneratis,
650 551 757 602 tandem
782 553 901 604 seniores
923 549 1041 618 demptis

126 622 219 690 galeis,
232 638 284 691 quc
297 619 403 674 lucilius
419 621 491 673 nosci
510 630 624 689 possent,
637 620 748 689 precari¹
766 621 810 687 qui
829 637 894 674 curn
914 619 1041 675 Perdicca

127 700 200 744 etant
213 707 334 760 coepere,
347 701 375 744 ut
387 690 545 742 absisterent
559 689 635 754 bello,
649 689 757 757 regique
776 700 803 740 et
821 689 941 758 pluribus
958 689 1040 746 wde-

128 769 193 812 reni.
239 761 345 814 Primus
373 759 500 812 Perdicca
528 775 603 812 arma
632 758 770 827 deposuit,
799 760 937 828 ceterique
967 758 1042 812 idern

127 827 225 882 fecere.
262 829 400 898 Meleagro
418 829 514 882 deinde
533 827 670 896 suadente,
690 844 724 880 ne
741 844 758 878 a
772 845 881 898 corpore
894 829 1041 882 Alexandri

127 898 306 968 discederent,
323 899 426 951 insidiis
444 898 530 951 locum
548 899 641 966 quaeri
661 898 717 964 rati,
733 896 840 950 diversa
858 898 947 964 regiae
966 909 1042 967 parte

126 969 162 1022 ad
182 969 335 1048 Euphraten
351 969 444 1036 lugam
458 968 618 1021 intendunt.l
655 968 800 1037 Equitatus,
817 968 865 1036 qui
882 985 918 1020 ex
935 967 1043 1022 nobilis-

127 1039 203 1092 simis
219 1055 348 1108 Juvenum
359 1038 503 1106 constabat,
518 1037 674 1090 Perdiccam
692 1046 719 1088 et
737 1036 903 1090 Leonnatum
915 1037 1044 1106 frequens

176 1109 287 1161 uebatur
294 1125 302 1176 5
315 1108 490 1177 placebatque
500 1107 630 1158 excedere
639 1105 713 1175 urbe,
726 1112 753 1157 et
766 1107 876 1160 tendere
888 1107 915 1159 in
928 1107 1041 1176 campis.

127 1125 179 1232 §dd
191 1178 319 1231 Perdicca
331 1195 364 1230 ne
377 1177 482 1247 pedites
494 1176 604 1244 quidem
616 1184 755 1228 secuturos
767 1178 853 1244 ipsum
866 1175 1041 1244 desperabat:

127 1247 218 1315 itaque
230 1265 263 1300 ne
275 1245 432 1300 abducendo
441 1247 557 1315 equites*
565 1246 702 1314 abrupisse
714 1262 730 1298 a
742 1256 831 1298 cetero
840 1247 958 1298 exercitu
967 1243 1043 1298 ride»

128 1327 205 1384 ratur,
219 1317 245 1370 in
258 1318 324 1370 urbe
337 1316 466 1370 subsistit.

162 1391 204 1438 25.
223 1389 259 1439 At
277 1387 415 1452 Meleager
434 1401 524 1452 regern
543 1401 651 1438 monere
669 1401 720 1437 non
738 1384 847 1452 destitit,
864 1383 909 1454 jus
925 1383 1042 1454 irnperii⁴

126 1455 271 1508 Perdiccae
291 1465 374 1509 morte
395 1454 568 1508 sanciendum
589 1469 664 1506 esse:
690 1455 716 1506 ni
737 1463 880 1524 occupetur
898 1455 1044 1523 impotetts⁵

126 1525 240 1592 animus,
260 1542 302 1576 res
319 1533 490 1576 novaturum:
511 1525 667 1576 meminisse
686 1540 747 1576 eum
766 1524 829 1592 quid
849 1523 884 1576 de
905 1542 966 1591 rege
986 1541 1041 1577 me·

127 1593 242 1662 ruisset,⁶
260 1593 395 1646 neminem
414 1602 505 1644 autern
524 1594 550 1645 ei
563 1594 628 1645 setis
647 1593 729 1646 lidum
748 1610 816 1661 esse,
831 1610 912 1660 quern
930 1602 1041 1647 metuat.

125 1665 182 1718 Rex
194 1663 344 1732 patiebatur
357 1663 449 1731 magis,
462 1679 545 1731 quam
556 1663 758 1715 assentiebatur.
796 1663 888 1732 ltaque
901 1661 1042 1731 Meleager

126 1733 262 1788 silentium
286 1749 332 1803 pro
356 1732 468 1801 imperio
492 1731 592 1800 habuit,
615 1733 740 1800 misitque
765 1732 833 1800 regis
856 1732 974 1800 nomine,
996 1734 1042 1801 qui

126 1802 282 1856 Perdiccam
293 1813 470 1855 accerserent.
506 1803 605 1854 lisdem
623 1805 787 1869 mandatum,
802 1811 831 1854 ut
842 1801 1042 1870 occiderengsi
1102 1815 1104 1818 ·

128 1873 217 1925 uerrire
247 1872 389 1926 dubitaret.
428 1871 563 1940 Perdicca,
589 1873 709 1924 nuntiato
738 1871 882 1924 satellitum
913 1871 1041 1939 adventu,

126 1941 262 1996 sexdecim
282 1943 390 1997 omnino
403 1943 491 2010 pueris
503 1943 592 2008 regiae
604 1940 720 1992 cohortis
732 1942 884 1994 comitatus⁷
901 1941 927 1992 in
948 1940 1042 1994 limine

126 2012 223 2066 domus
246 2029 310 2065 suas
330 2013 454 2080 constitit,
475 2012 676 2078 castigatosque,
697 2020 724 2062 et
748 2009 880 2077 Meleagri
904 2010 1042 2079 mancipia

127 2081 272 2146 identidem
294 2081 497 2152 appellantque
516 2081 598 2132 animi
612 2080 753 2148 vultusque
770 2080 919 2132 corratantia
939 2079 1040 2149 terruit,

126 2164 155 2204 ut
175 2152 219 2204 vix
239 2155 336 2205 mentis
359 2160 496 2220 compotes
519 2151 648 2218 sugerent.
686 2150 812 2202 Perdicca
835 2165 932 2218 pueros
955 2165 1042 2218 equos

125 2221 202 2290 jussit
221 2221 407 2289 conscendere,
424 2229 530 2272 etcum
547 2221 639 2289 paucis
656 2220 804 2272 amicornm
820 2217 855 2272 ad
875 2219 1041 2272 Leonnatum

127 2291 255 2360 pervenit,
275 2291 329 2360 jam
350 2291 465 2344 firmiore
486 2289 616 2358 praesidio
637 2289 690 2342 rirn
713 2288 916 2358 propulsaturus,
939 2289 960 2342 si
982 2287 1043 2358 quis

127 2358 243 2412 inferret.
280 2360 398 2413 Postera⁸
417 2359 461 2411 die
482 2359 590 2426 indigna
613 2375 655 2410 res
677 2358 871 2412 Macedonibus
890 2358 1041 2427 videbatur,

126 2427 283 2482 Perdiccam
296 2429 330 2482 ad
343 2431 435 2480 mortis
446 2428 592 2496 periculum
606 2427 758 2496 arlductum,
772 2437 799 2480 et
811 2427 945 2496 Meleagri
959 2439 1042 2480 terne·

128 2498 232 2550 ritatem
251 2498 333 2550 armis
352 2497 437 2548 ultum
459 2499 496 2548 ire
516 2497 697 2550 decreverant.
734 2500 821 2566 Atque
843 2497 888 2550 ille
909 2497 1041 2550 seditione

146 2567 238 2636 revisa,
251 2583 313 2619 curn
326 2582 417 2634 regern
430 2565 536 2634 adisset,
553 2566 712 2634 interrogare
730 2584 792 2620 eum
812 2569 907 2636 coepit,
926 2585 961 2620 an
981 2567 1042 2620 Per·

127 2585 233 2690 itesam
251 2634 517 2706 comprehendiipse
535 2634 667 2705 jussisset.
703 2636 755 2702 tlte
763 2637 895 2706 Meleagri
913 2637 1042 2690 instinctu

158 2793 165 2816 Ι

155 2786 269 2905 *iiiiiiiyy
276 2803 350 2894 iiiior
362 2845 424 2894 their
435 2843 505 2905 ssight
521 2844 582 2926 fqom
599 2843 639 2891 the
656 2843 765 2903 opposite
776 2859 802 2891 or
815 2843 878 2892 back
893 2853 945 2904 part
957 2843 987 2891 of
998 2842 1043 2892 the

127 2905 536 3032 paia'iiirisiiiddrissaiiiieEbiiiiiigaietii
547 2962 606 3011 both
617 2963 813 3031 uerbsbettueen
823 2961 904 3009 which
912 2961 933 3031 ,it
945 2961 1041 3012 stands.

157 3028 166 3051 ¹
178 3029 184 3048 ⁴
194 3024 249 3070 The
260 3023 324 3083 right
335 3023 363 3072 of
375 3023 412 3072 hrs
424 3031 581 3090 government
589 3023 605 3079 3’
624 3021 676 3089 that
688 3037 716 3078 rs,
731 3021 768 3070 hrs
779 3022 842 3082 nght
854 3038 884 3090 aa,
893 3021 959 3089 brug.

158 3081 211 3130 ’Im
240 3091 291 3130 tens
303 3083 360 3131 here
372 3098 456 3130 means
469 3081 632 3136 ‘umbilicus'
646 3082 772 3129 rnasmuch
783 3097 810 3128 es
820 3082 939 3129 ambrtron
952 3079 1041 3130 makes

128 3156 185 3190 rnen
196 3143 210 3188 b
223 3141 263 3189 iud
272 3140 298 3188 in
307 3141 392 3202 regard
403 3150 428 3188 to
440 3141 481 3189 the
492 3141 542 3188 real
553 3150 636 3188 extent
647 3140 674 3190 of
687 3139 749 3188 their
759 3155 816 3188 own
830 3155 920 3200 power.

156 3220 165 3244 ⁸
177 3213 202 3262 N
204 3212 292 3273 amely,
305 3217 365 3261 mole
374 3215 467 3269 meruit,
478 3231 575 3275 poenum
585 3222 724 3274 inanemque
733 3214 826 3260 meruit.

158 3285 391 3344 '‘Aceompaniedss
424 3285 486 3333 This
502 3285 625 3345 participle
642 3286 670 3333 of
686 3285 728 3332 the
749 3283 870 3344 deponent
884 3285 982 3333 mutuor
996 3281 1039 3334 hut

88 3345 98 3360 ⁸
128 3345 451 3404 almostalwaysapassive
465 3346 585 3406 meaning.
618 3345 951 3402 SeeGrcst.i139‚uote2.

156 3421 166 3446 ⁸
178 3416 278 3467 Curtius
288 3431 346 3464 uses
355 3425 446 3478 postero
455 3417 494 3464 dis
503 3417 577 3466 much
588 3431 655 3466 mure
665 3415 812 3478 frequently.
