2294 3842
481 255 573 295 unns
593 256 636 296 rx.
954 239 1009 294 281

98 363 136 416 At
154 361 306 416 Chitcbulus
323 362 432 416 tandem
449 362 493 416 vel
511 361 592 432 finito,
608 363 651 416 vel
669 361 834 416 dissimulato
853 373 935 432 metu,
954 361 1012 416 hor·

98 432 151 484 tari
165 449 228 486 eum
240 434 335 503 coepit,
349 441 377 485 ut
390 449 419 484 se
431 431 620 486 continendum
635 433 792 502 praeberet,¹
805 433 868 486 dum
881 432 1013 502 spiculum

98 501 246 553 evelleret:
269 503 351 556 etiam
372 501 461 554 levem
479 501 592 572 corporis
610 512 712 555 motum
731 502 840 555 noxium
857 502 921 555 fore.
957 503 1014 556 Rex

98 587 164 624 curn
185 569 352 640 affirmasset,
365 571 430 624 nihil
449 588 516 641 opus
532 587 592 624 esse
610 571 651 642 iis,
670 571 715 640 qui
736 580 822 624 semet
841 573 1012 638 continerent,

98 639 170 692 sicut
193 650 367 720 praeceptum
389 649 454 710 erat,
474 641 532 694 siue
552 649 625 694 motu
651 639 773 710 praebuit
792 657 896 711 corpus.
932 641 1015 710 Igitur

98 708 235 778 patefacto
256 710 335 762 latius
352 710 470 779 vulnere,
493 718 519 762 et
539 709 641 779 spiculo
665 710 762 779 evolso,
783 710 877 777 ingens
894 711 935 763 vis
955 729 1013 762 san·

96 779 190 846 guinis
209 795 318 831 manare
336 781 430 848 coepit,
444 779 580 850 linquique
598 780 686 833 animo
698 796 752 850 rex,
766 788 792 832 et
804 779 918 847 caligine
930 779 1015 832 oculis

97 847 193 915 offusa,
207 847 290 901 veluti
302 848 475 902 moribundus
487 849 616 902 errtendi.2
650 850 771 918 Cumque
789 848 947 918 profluvium
959 865 1015 902 me-

97 917 261 970 dicamentis
280 917 376 971 frustra
399 918 558 988 inhiberent,
577 918 678 971 clamor
695 917 774 970 simul
797 927 877 986 atque
919 917 1016 970 iuratus

97 987 248 1066 amicerum
278 987 366 1056 oritur,
394 1004 486 1108 reqem
516 989 653 1056 expirasse
682 987 858 1040 credentium.
893 934 1015 1040 iarden

97 1064 219 1108 constitit
239 1057 353 1126 sanguis,
373 1057 556 1126 punctimque
576 1057 697 1109 animum
720 1056 830 1126 recepit,
851 1064 878 1110 et
902 1057 1014 1109 circum-

98 1133 202 1176 stantes
215 1125 303 1194 coepit
315 1143 467 1194 agnoscere.
503 1127 568 1178 Toto
581 1143 612 1178 ec
625 1125 669 1179 die
687 1142 719 1178 ac
738 1135 822 1195 nocte,
836 1142 905 1195 quae
924 1133 1015 1178 secuta

96 1203 148 1263 est,
162 1203 283 1247 armatos
297 1196 429 1248 exercitus
447 1195 546 1264 regiam
557 1194 670 1263 obsedit,
683 1195 821 1248 confessus
831 1212 925 1248 omnes
937 1194 1016 1248 unius

98 1264 193 1332 spiritu
206 1265 305 1316 vivere.
341 1265 399 1318 Nec
418 1265 490 1334 prius
509 1272 681 1332 recesserunt,
695 1281 776 1334 quam
788 1273 954 1334 compertum
966 1272 1014 1331 est,

97 1349 194 1384 somno
217 1333 350 1403 paulisper
366 1334 546 1402 acquiescere.
583 1334 651 1386 Hinc
669 1334 809 1388 certiorem
827 1351 903 1404 spem
922 1332 1015 1386 salutis

97 1402 159 1471 ejus
172 1402 197 1454 in
211 1411 298 1455 castra
310 1403 473 1456 rettulerunt.

135 1473 179 1523 23.
198 1472 256 1526 Rex
280 1481 383 1542 septem
405 1472 502 1525 diebus
520 1481 610 1526 curato
628 1472 738 1526 vulnere
764 1472 881 1526 necdum
900 1469 1016 1524 obducta

96 1540 237 1593 cicatrice²
258 1557 319 1594 cum
340 1541 468 1610 audisset,
486 1542 653 1596 convaluisse
671 1512 746 1612 apud
763 1541 889 1596 barbaros
912 1540 1014 1594 samam

97 1610 193 1662 mortis
212 1625 285 1679 suae,
304 1611 408 1665 duobus
427 1611 541 1680 navigiis
558 1609 663 1681 junctis,
681 1612 761 1665 statui
781 1612 808 1666 in
827 1610 947 1666 medium
968 1627 1015 1662 un·

97 1680 182 1748 dique
195 1681 368 1749 conspicuum
383 1680 583 1734 tabernaculum
594 1680 691 1750 jussit,⁴
703 1698 737 1734 ex
749 1697 801 1752 quo
815 1698 844 1734 se
863 1678 1015 1735 ostenderet

136 1749 204 1800 risse
216 1748 396 1803 credentibus.
433 1750 649 1820 Conspectusque
661 1750 696 1804 ab
709 1750 803 1804 incolis
812 1767 887 1820 spem
898 1747 1015 1804 hostiurn

110 1818 170 1870 also
193 1819 284 1871 nrrntio
313 1828 471 1889 conceptam
495 1819 619 1873 inhibuit.
666 1818 788 1873 Secundo
811 1819 909 1873 deinde
932 1834 1013 1871 amne

97 1887 233 1955 deflunit,⁵
252 1887 418 1958 aliquantum
438 1888 569 1942 intervelli
589 1905 605 1940 a
624 1896 713 1942 cetera
732 1889 818 1942 classe
839 1887 1014 1959 praecipiens,

96 1973 134 2010 ne
156 1958 237 2025 quies
259 1959 359 2028 corpori
376 1957 493 2011 invalido
511 1957 600 2011 adhuc
617 1958 768 2012 necessaria
785 1957 865 2027 pulsu
882 1973 1015 2010 remorum

97 2026 283 2096 impediretur.
321 2027 427 2097 Quarto,
444 2036 582 2097 postquam
601 2028 725 2096 navigare
743 2035 875 2097 coeperat,
894 2026 939 2078 die
957 2041 1014 2094 per·

98 2097 215 2150 venitrin
229 2097 364 2164 regionem
382 2097 516 2150 desertam
535 2098 644 2166 quidem
655 2097 691 2150 ab
703 2096 804 2167 incolis,
817 2095 864 2148 sed
883 2095 1015 2148 frumento

97 2174 127 2220 et
141 2165 284 2234 pecoribus
294 2165 485 2220 abundantem.
523 2167 623 2220 Placuit
635 2166 659 2219 is
671 2166 744 2220 locus
756 2165 829 2219 etad
842 2181 926 2235 suam,
940 2172 968 2216 et
980 2163 1014 2216 ad

97 2235 219 2288 militurn
236 2237 363 2304 requiem.
400 2236 463 2289 Mos
479 2243 535 2289 eret
554 2235 717 2305 principibus
733 2237 879 2290 amicorum
891 2243 918 2287 et
930 2241 1015 2287 custu-

98 2305 183 2358 dibus
199 2305 333 2374 corporis,⁸
350 2306 484 2358 excubare
502 2315 564 2358 ente
582 2307 750 2375 praetorium,
764 2306 886 2376 quotiens
902 2305 1016 2358 adversa

98 2375 158 2442 regi
182 2373 307 2426 valetudo
331 2374 478 2428 incidisset.
514 2375 572 2428 Hoc
593 2385 651 2430 tum
674 2392 779 2445 quoque
802 2391 877 2430 more
901 2382 1015 2442 servato,

99 2443 221 2498 universi
233 2443 388 2497 cubiculum
400 2443 460 2496 e'us
471 2444 578 2498 intrant.
614 2445 662 2500 Ille
681 2445 816 2514 sollicitus,
829 2445 940 2514 nequid
954 2443 1016 2497 novi

98 2512 236 2582 afferrent,
262 2513 323 2580 quic
347 2515 415 2566 simu
451 2523 585 2584 venerant,
609 2525 785 2585 percontatur,
810 2532 875 2569 num
899 2513 1016 2567 hostium

101 2599 199 2636 recens
213 2583 376 2636 nuntiaretur
386 2582 527 2638 adventus.

137 2657 180 2704 24.
200 2654 236 2704 At
255 2651 383 2722 Craterus,
404 2653 448 2705 cui
466 2652 623 2706 mandatum
640 2661 704 2722 erat,
718 2661 746 2706 ut
764 2651 909 2704 amicorum
922 2665 1018 2721 preces

131 2789 137 2812 ¹
153 2786 159 2808 ‘
170 2781 210 2828 Το
221 2781 293 2830 allow
304 2780 406 2840 himself
412 2793 438 2830 tc
449 2784 479 2830 be
492 2783 547 2831 held
558 2783 623 2832 fast!

129 2840 293 2888 ’‘Darkness
312 2839 399 2899 spread
414 2856 472 2890 over
483 2842 520 2890 his
532 2858 599 2902 eyes,
613 2841 659 2890 end
674 2842 705 2889 he
721 2836 845 2888 stretcbed
860 2837 961 2887 himself
975 2849 1018 2889 out

100 2900 152 2949 lilre
165 2899 265 2960 adying
275 2900 348 2947 mun.¹
381 2899 487 2950 Extendi
502 2901 644 2950 sometimes
660 2901 703 2948 hos
714 2915 728 2947 u
739 2897 824 2958 purely
835 2897 931 2958 passive
942 2898 1017 2960 signi·

100 2959 210 3012 fication.
224 2959 366 3006 sometimes
377 2975 392 3006 a
402 2959 524 3008 reflectit-c
535 2959 572 3008 for
582 2977 607 3008 se
618 2961 745 3007 estendere.
897 2985 901 2990 -

130 3023 140 3047 ⁸
150 3017 254 3064 ‘Before
266 3017 306 3064 the
319 3018 407 3066 wcund
418 3033 469 3066 was
480 3018 623 3067 cicatrized!

130 3076 209 3124 “He
224 3076 325 3124 ordered
336 3092 350 3124 s
361 3087 412 3124 tem
424 3078 510 3126 visible
526 3077 587 3126 from
603 3077 635 3125 all
651 3075 716 3124 sides
731 3085 758 3124 to
774 3077 804 3124 be
821 3075 920 3126 creoted
936 3076 960 3126 in
976 3075 1017 3124 the

101 3135 213 3186 middle!
248 3135 276 3182 ln
287 3138 361 3183 medio
372 3136 453 3184 would
463 3137 524 3184 heve
536 3138 598 3184 been
609 3151 675 3183 more
687 3151 807 3184 common.

132 3203 142 3227 ⁸
152 3202 158 3222 ‘
169 3194 291 3242 Hesailed
300 3195 372 3242 down
379 3195 489 3243 theriver
496 3195 512 3243 ε’
522 3196 607 3244 census
614 3197 739 3252 sccundus,
750 3194 924 3245 ‘cfavourcble
932 3194 1015 3252 wind3'

101 3272 172 3304 amne
182 3257 292 3307 owardo,
305 3253 390 3301 ‘down
403 3255 444 3302 tlre
454 3255 518 3302 river
525 3254 542 3312 ;'
556 3253 608 3302 that
618 3255 647 3310 is,
656 3256 773 3303 amandus
784 3255 857 3316 being
868 3254 904 3303 for
914 3269 1016 3314 unusn-

102 3318 158 3370 dus,
173 3313 235 3360 srcm
251 3314 327 3372 requi,
343 3313 416 3360 ‘with
433 3313 474 3361 the
489 3313 561 3369 river,
575 3313 716 3370 enituere,
729 3311 853 3376 following
866 3311 1016 3363 theressel!

103 3374 160 3421 The
172 3372 284 3430 opposite
295 3375 447 3420 tonsurandus
459 3372 479 3419 is
490 3375 611 3420 aduersus.

131 3439 140 3462 ⁸
153 3431 211 3479 The
221 3432 291 3478 amai
300 3445 340 3477 cre
352 3431 393 3478 the
405 3430 498 3480 leaders
509 3430 537 3480 ol
544 3431 585 3479 the
596 3431 757 3483 Macedonian
763 3433 866 3494 infantry
875 3436 1015 3496 (πεζέταιροι),

104 3491 145 3540 the
157 3491 265 3540 custodes
275 3492 376 3551 corporis
388 3488 429 3538 the
441 3492 622 3551 σωματοφύλακες.

540 3552 586 3602 ut
