2278 3846
487 267 577 307 ursan
597 267 637 308 vr.
957 257 1008 313 141

98 372 185 444 fossa,
200 374 314 444 plurimo
325 373 453 442 sanguine
466 373 558 444 effuso,
571 375 713 430 destituere
726 381 907 449 pugnantem.¹
943 383 1011 452 Ergo

98 443 202 513 clypeo
222 460 270 497 suo
287 444 440 512 excepturo²
451 446 515 497 armi
536 446 573 496 eri
593 447 686 515 raptim
705 447 730 499 in
750 459 834 501 castra
852 449 1009 524 referebant,

102 513 282 582 jactationem
301 513 438 565 vulnerum
459 462 536 566 haud
549 513 627 567 facile
646 516 809 570 tolerantem.
844 519 902 572 Non
922 529 1011 574 tamen

99 583 222 636 omisere
246 581 447 636 Lacedaemonii
471 599 594 651 pugnarn,
616 593 643 638 et
667 594 695 638 ut
719 587 832 655 primurn
857 588 906 640 sihi
931 607 1011 658 quam

101 651 177 704 hosti
195 652 348 720 aequiorem
367 651 453 704 locum
470 669 566 720 capere
584 663 730 724 potueruut,
744 656 860 710 densatis
878 659 1012 713 ordinibus

102 720 195 774 effuse
208 721 336 773 fluentem
349 721 375 773 in
388 737 417 772 se
428 722 514 774 aciem
528 738 666 790 excepere.
702 725 761 778 Non
779 724 850 778 aliud
869 726 1011 782 discrimen

103 789 296 844 vehementius
308 789 390 844 luisse
408 791 550 842 memoriae
570 792 700 860 proditum
719 803 767 846 est.
804 796 919 848 Duarum
938 799 1008 852 nobi·

104 859 270 912 lissimarum
289 858 359 911 bello
375 859 496 926 gentium
514 861 646 914 exercitus
666 862 722 931 pari
742 863 829 916 Marte
849 866 1010 933 pugnabant.

104 927 312 980 Lacedaemonii
334 936 430 996 vetera,
452 929 617 982 Macedones
639 932 789 1000 praesentia
810 931 905 986 decora
928 934 1011 988 intue-

103 996 219 1050 bantur:
248 997 284 1049 illi
308 1013 355 1066 pro
377 996 505 1064 libertate,
527 998 554 1050 hi
578 1015 623 1068 pro
643 1000 821 1054 dominatione
845 1002 1009 1070 pugnabant:

105 1066 327 1120 Lacedaemoniis
335 1066 395 1134 dux,
405 1067 598 1120 Macedonibus
609 1068 683 1122 locus
694 1070 805 1123 deerat.⁸
839 1071 898 1124 Diei
906 1089 1011 1141 quoque

105 1135 188 1187 unius
206 1147 260 1188 ram
277 1135 416 1203 multiplex
433 1152 511 1188 casus
528 1138 605 1189 modo
618 1155 701 1209 spem,
714 1140 791 1193 modo
804 1149 904 1192 metum
919 1143 1011 1194 utrius·

104 1221 161 1272 qne
180 1206 261 1274 partis
278 1205 400 1272 augebat,
413 1204 485 1257 velut
503 1206 537 1258 de
556 1207 681 1260 industria
700 1209 766 1261 inter
778 1209 933 1261 fortissimos
945 1211 1012 1262 viros

104 1283 243 1326 certamen
262 1286 393 1343 aequante
406 1273 517 1326 fortuna.
553 1277 675 1330 Ceterum
694 1279 832 1346 angustiae
850 1278 908 1346 loci,
921 1281 945 1332 in
958 1297 1011 1350 quo

105 1341 230 1394 haeserat
249 1360 343 1412 pugna,
359 1359 406 1395 non
420 1344 586 1412 patiebantur
597 1346 659 1398 totis
671 1347 770 1416 ingredi
783 1346 897 1402 viribus:
916 1365 1010 1418 expec-

106 1412 199 1464 tabant
219 1429 280 1480 ergo
301 1412 388 1482 plures
404 1429 486 1482 quam
505 1413 615 1467 inierant
634 1416 770 1485 proelium,
784 1426 810 1471 et
822 1417 867 1487 qui
880 1424 952 1471 extra
965 1419 1010 1471 teli

108 1479 212 1549 jactum
225 1489 299 1534 erant
311 1481 425 1534 clamore
438 1483 552 1536 invicem
566 1501 626 1537 suos
638 1486 828 1540 accendebant.

141 1555 166 1602 2.
186 1551 306 1604 Tandem
326 1551 458 1604 Laconum
476 1553 548 1605 acies
566 1553 755 1625 languescere,⁴
766 1555 867 1610 lubrica
883 1571 957 1609 arma
969 1573 1011 1608 su·

104 1619 170 1672 dore
186 1620 234 1674 vix
251 1621 389 1688 sustinens,
403 1619 501 1689 pedem
519 1621 614 1674 deinde
636 1623 732 1677 referre
751 1626 837 1694 coepit
857 1635 883 1677 et
902 1636 1011 1692 urgente

105 1687 183 1742 hosts
210 1689 327 1759 apertius
353 1689 453 1758 fugere.
497 1691 686 1761 insequebatur
709 1695 847 1763 dissipatos
870 1694 959 1762 victor,
984 1704 1010 1747 et

104 1775 234 1812 emensus
256 1775 333 1811 cursu
356 1775 434 1811 omne
458 1762 579 1828 spatium,
600 1761 669 1829 quod
692 1764 764 1815 acies
787 1764 921 1816 Laconum
944 1762 1010 1816 obti-

104 1837 206 1896 nuerat,
227 1828 314 1897 ipsum
332 1830 400 1895 Agin
421 1828 636 1898 persequebatur.
673 1831 728 1899 Ille,
748 1841 776 1884 ut
796 1833 885 1900 sugam
906 1848 1009 1884 suorum

103 1907 131 1949 et
144 1898 277 1966 proximos
290 1897 403 1950 hostium
416 1900 559 1966 conspexit,
572 1899 668 1968 deponi
681 1917 709 1951 se
721 1900 812 1969 jussit:
832 1911 1007 1970 expertusque

104 1967 237 2036 membra,
257 1983 291 2020 an
316 1966 445 2035 impetum
468 1968 549 2020 animi
574 1970 649 2037 sequi
672 1979 785 2038 possent,
808 1974 944 2038 phstquam
964 1969 1009 2020 de·

104 2036 197 2090 ficere⁶
220 2036 309 2104 sensit,
331 2035 470 2106 poplitibus
494 2048 579 2089 semet
603 2037 726 2108 excepit,⁸
748 2037 878 2107 galeaque
901 2047 1006 2090 strenus

103 2113 221 2174 sumpta,
241 2105 336 2175 clypeo
359 2115 498 2183 protegens
522 2123 621 2175 corpus,
647 2106 750 2161 hastam
770 2109 862 2160 dextra
882 2105 1008 2175 vibrabat,

102 2175 172 2227 ultro
191 2192 289 2227 vocans
309 2173 419 2242 hostem,
434 2175 455 2226 si
474 2176 533 2243 quis
551 2174 648 2244 jacenti
669 2177 749 2245 spolia
767 2177 875 2230 demere
892 2175 1008 2228 auderet.

102 2245 163 2298 Nec
175 2244 314 2365 quisquam
328 2243 384 2312 luit,
394 2244 440 2312 qui
452 2245 590 2297 sustineret
603 2247 752 2299 comminus
760 2245 892 2314 congredi.
919 2245 1009 2298 Procul

102 2313 178 2366 missi
190 2313 250 2367 ibus
267 2313 448 2383 appetebatur,
462 2331 494 2364 ea
513 2314 569 2382 ipsa
587 2315 614 2368 in
633 2314 736 2368 hostem
752 2325 909 2385 retorquens,
924 2313 1009 2368 donec

103 2383 198 2436 lancea
217 2383 287 2436 nudo
305 2383 403 2451 pectori
414 2383 495 2435 infixa
507 2392 563 2435 est:
583 2400 636 2453 qua
648 2402 682 2438 ex
694 2386 803 2439 vulnere
815 2385 923 2452 evolsa,7
936 2385 1008 2437 incli-

103 2461 196 2506 natum
216 2469 249 2504 ac
269 2451 398 2506 deficiens
415 2461 495 2521 caput
516 2453 611 2522 clypeo
630 2454 764 2532 paulisper
781 2457 894 2524 excepit,
913 2453 1010 2508 deinde

102 2523 241 2592 linquente
260 2521 351 2592 spiriru
373 2522 469 2590 pariter
488 2539 521 2574 ao
544 2540 680 2594 sanguine,
702 2524 873 2578 moribundus
893 2524 917 2574 in
936 2539 1010 2575 anna

103 2615 1010 2642 -Α--ῄῂ--ῳ--ῇ-η-

132 2687 139 2710 ¹
153 2681 216 2729 ‘His
228 2679 310 2742 thighs
318 2679 430 2748 deserred
441 2680 482 2730 the
492 2681 596 2729 warrior'
609 2689 659 2737 (see
669 2692 724 2731 note
736 2683 767 2730 ir.
779 2686 832 2740 34);
850 2683 901 2731 that
913 2684 942 2738 is,
958 2685 1009 2732 ‘liis

102 2741 177 2790 limbo
195 2739 293 2788 refused
309 2739 359 2788 lum
378 2740 494 2808 support!
526 2741 712 2803 hotescalco,
725 2757 741 2790 a
750 2757 816 2791 more
827 2756 938 2789 common
948 2741 1009 2790 scrin

102 2799 160 2848 than
189 2802 525 2854 eawra,scenoteonrrr.30.

130 2863 141 2889 ¹
176 2873 248 2906 ewas
260 2857 307 2906 laid
318 2873 381 2916 upon
393 2857 430 2906 his
441 2858 527 2914 shield,
537 2858 617 2907 which
625 2875 674 2908 was
684 2859 741 2907 then
749 2856 827 2906 raised
838 2866 863 2905 to
874 2857 915 2904 the
926 2857 1007 2906 shoul-

102 2917 158 2966 ders
169 2916 198 2965 ol
205 2916 274 2964 those
286 2916 342 2964 who
353 2932 416 2964 were
427 2927 453 2964 to
465 2919 522 2965 bear
531 2917 589 2965 him.

131 2981 140 3005 ²
152 2976 224 3024 ‘The
233 2975 406 3024 Macedonicus
415 2976 461 3025 had
472 2985 513 3024 not
522 2975 679 3024 afavourable
691 2973 793 3034 position
800 2974 817 3030 ς’
830 2973 881 3022 that
892 2974 922 3031 is,
937 2975 1009 3036 ‘they

102 3035 149 3086 had
161 3051 192 3084 no
203 3049 271 3083 room
282 3045 307 3082 ro
318 3034 406 3083 extend
418 3036 479 3084 their
489 3035 546 3092 line,
559 3034 606 3083 and
615 3035 671 3082 taire
683 3032 816 3094 advantage
826 3031 854 3081 os
865 3033 927 3082 their
937 3049 1007 3095 supe·

102 3095 186 3156 rioriry
194 3095 219 3142 in
231 3094 362 3141 numbers’

131 3154 190 3202 ‘An
201 3153 324 3202 historical
336 3151 461 3208 infinitiva
474 3153 516 3200 the
527 3151 591 3200 soree
602 3150 630 3199 os
642 3149 722 3198 which
733 3148 754 3198 is
764 3151 912 3202 maintained
927 3152 951 3201 in
966 3153 1007 3202 the

101 3212 209 3319 sollqvlld
238 3211 321 3318 glcltlrsrg
331 3212 581 3330 pvyegrsseocrossigedffi
592 3269 598 3290 ’

130 3337 139 3362 ⁸
153 3329 206 3378 ‘He
218 3329 280 3378 sanlr
292 3345 355 3388 upon
366 3330 404 3377 his
416 3329 508 3376 knees.’

131 3389 180 3438 'In
195 3389 262 3448 early
275 3388 346 3437 Latin
364 3389 405 3436 the
424 3388 496 3436 letter
506 3405 520 3436 a
532 3403 583 3456 was
600 3386 712 3436 followed
727 3389 785 3495 blo
798 3388 824 3436 in
842 3388 911 3436 those
928 3387 1008 3448 places

103 3449 184 3497 where
193 3447 290 3508 latterly
299 3449 365 3496 there
375 3447 444 3496 stood
452 3464 481 3504 a,·
495 3447 541 3495 and
549 3446 699 3496 thrsformol
705 3457 741 3496 ort
759 3446 866 3508 ography
873 3461 924 3496 was
930 3461 1008 3496 some·

104 3509 176 3556 times
186 3506 295 3556 retained
306 3508 338 3568 by
349 3507 418 3555 those
430 3507 528 3555 authors
540 3507 596 3554 who
606 3506 709 3556 affected
719 3505 857 3555 archaisma
