2274 3844
102 227 159 284 174
365 241 405 281 ns
428 239 537 280 ossrrs
559 240 745 282 stannum.

135 350 250 406 rturbeto
274 357 302 404 et
326 361 465 403 recusante
488 349 598 402 transire
621 349 656 402 ad
679 365 750 418 eum,
772 345 892 416 Patieris,
914 345 1006 416 inquit,

140 420 266 473 metrium
289 419 403 487 mentiri,
425 435 565 488 rursusque
589 436 634 472 me
658 417 826 472 excruciaril
862 416 937 470 Calin
957 431 1010 469 vox

99 490 258 559 sanguisque
282 488 453 543 defecerant:
478 497 505 540 et
528 488 692 541 Macedones
715 488 847 540 Philotam
869 486 1008 555 inquinare

100 558 219 612 innoxios
236 558 298 611 ville
316 559 525 628 suspicabamur,
538 557 601 626 quia
618 575 668 610 nec
686 575 703 610 a
720 555 893 623 Nicomacho,
907 573 957 611 nec
974 555 1010 609 ab

100 629 109 681 i
128 635 156 680 s'o
176 627 286 697 Philota,
304 645 367 682 oum
390 636 560 707 torqueretur,
580 627 731 680 nominatus
747 628 828 680 esset¹
845 625 1010 678 adolescens.

100 645 151 756 tini
171 705 199 756 ut
219 697 369 767 praefectos
389 715 459 765 regis
478 697 682 750 circumstantes
702 713 730 748 se
750 695 823 765 vidit,
844 695 1012 748 Demetrium

100 776 127 818 et
146 768 321 836 semetipsum
341 765 366 818 id
386 766 488 820 facinus
508 766 638 834 cogitasse
659 766 796 818 consessus
815 766 876 817 est.²
912 765 1012 817 Omnes

100 853 163 904 ergo
180 853 196 890 a
213 835 376 890 Nicomacho
394 836 531 905 nominati,
551 853 624 888 more
643 835 733 905 patrio,
753 835 815 886 dato
839 834 920 902 signo,
941 833 1013 886 saxis

100 904 186 959 obruti
198 915 267 959 sunt.
303 905 403 974 Magno
420 923 471 959 non
487 906 588 976 salotis,
602 905 649 958 sed
663 905 744 958 etiam
756 903 883 958 invidiae³
895 903 1013 972 periculo

100 974 229 1028 liberatus
246 985 302 1029 erat
314 975 473 1043 Alexander,
487 976 585 1045 quippe
604 975 742 1028 Parmenio
760 982 787 1026 et
806 973 931 1042 Philotas,
944 973 1013 1042 prin·

101 1045 177 1116 cipes
194 1045 348 1114 amicorum,
368 1045 418 1098 nisi
436 1045 525 1114 palam
543 1053 639 1114 sontes,
659 1043 717 1098 sine
735 1043 916 1110 indignatione
935 1042 1014 1096 totius

102 1116 233 1168 exercitus
252 1133 303 1168 non
324 1115 471 1184 potuissent
491 1114 621 1168 damnari.
656 1113 748 1183 ltaque
767 1129 868 1182 anceps
891 1111 1014 1180 quaestio

102 1183 152 1238 fuit
162 1188 180 1238 :⁴
203 1185 268 1238 dnm
290 1185 417 1238 infitiatus
441 1193 481 1237 est
504 1184 616 1248 facinus
636 1183 778 1236 crudeliter
802 1182 918 1250 torqueri
941 1181 1015 1234 vide·

101 1253 186 1322 batur,
211 1264 268 1324 post
296 1253 491 1306 confessionem
518 1253 635 1306 Philotas
661 1270 695 1306 ue
723 1252 872 1306 amicorum
902 1249 1015 1320 quidem

102 1323 310 1376 misericordiam
323 1323 427 1376 meruit.
508 1363 511 1372 ,

96 1466 182 1527 jussit.
215 1463 269 1511 The
281 1464 395 1569 principel
406 1474 537 1512 statement
548 1464 568 1512 is
580 1464 721 1512 introduced
732 1465 826 1523 bytom
836 1463 896 1510 with
908 1463 950 1512 the
961 1479 1014 1522 per·

102 1524 149 1572 sect
166 1530 201 1577 (or
212 1530 325 1581 present).
376 1539 404 1570 ee
421 1524 518 1582 Zumpt,
533 1525 608 1575 §58st
645 1523 677 1572 Ut
693 1525 796 1572 incidere
811 1522 855 1578 (lor
871 1525 1015 1577 inciderunt)

101 1584 171 1638 ocuti,
188 1583 274 1629 ‘when
285 1583 322 1630 his
333 1597 391 1642 eyes
403 1582 433 1629 ali
452 1582 509 1630 hted
521 1585 601 1642 upon'

133 1647 139 1669 ¹
152 1639 221 1688 ‘Hsd
234 1641 294 1688 been
306 1641 409 1689 named.¹
435 1599 498 1689 gl'he
510 1641 662 1700 subjunctive
674 1641 694 1688 is
706 1641 774 1696 used,
787 1641 892 1708 hecause
903 1640 953 1688 this
965 1656 1014 1690 was

102 1700 143 1748 the
155 1715 241 1747 reason
252 1701 364 1760 assigned
376 1708 411 1754 (or
422 1701 561 1755 conceived)
573 1703 605 1760 by
616 1701 656 1748 the
669 1700 842 1748 Macedoniens
854 1699 1013 1748 themselves.

131 1764 141 1790 ²
151 1759 216 1806 Here
226 1774 263 1806 we
271 1761 332 1808 have
341 1777 355 1806 a
363 1759 530 1808 confirmation
538 1760 586 1807 ol'n
597 1760 693 1810 remark
700 1759 780 1807 which
791 1759 891 1806 Curtius
900 1759 1019 1820 formerlyv

103 1817 236 1890 (seelchap.
246 1823 274 1868 37
285 1821 378 1881 odfin.)
389 1831 431 1880 put
442 1821 492 1868 into
508 1819 549 1866 the
566 1819 651 1867 mouth
667 1819 695 1866 ol
708 1817 826 1874 Philotas,
840 1821 931 1866 nenini
937 1821 1015 1880 parcit

102 1887 239 1927 moremus.
826 1885 831 1892 '
931 1901 936 1904 ’

132 1941 141 1965 ³
153 1936 239 1985 ‘From
251 1954 265 1986 a
275 1948 342 1999 great
354 1939 444 1999 danger
455 1935 482 1985 of
494 1938 597 1985 incurrin
626 1936 728 1984 hatred!

132 2001 142 2024 ⁰
154 1995 223 2044 ‘The
235 1997 405 2060 investigation
416 1997 544 2058 presented
555 1953 624 2044 itseif
631 1997 655 2044 in
667 2005 715 2043 two
727 1995 801 2057 lights
812 2011 839 2044 or
850 1997 963 2056 aspectu!

460 2768 583 2808 Macedonian
590 2771 658 2807 Slater.
