2274 3844
137 220 193 275 184
401 235 440 274 aa
465 235 572 276 essars
594 235 779 275 sanassent.

135 359 183 395 nos
194 359 315 396 recessus
326 342 425 397 habent
442 319 622 415 amoenosque
640 343 794 396 nemoribus
813 359 894 396 manu
913 341 1026 396 consitis
1035 343 1054 408 5¹

135 413 275 492 praecipue
295 429 387 480 regum
402 422 620 482 satraparumque
641 413 761 480 voluptas
779 421 843 463 erat.
881 412 1054 481 Spatiabatur

136 499 160 534 rn
180 497 289 534 nemore
308 483 465 538 Parmenion
485 483 590 535 medius
610 483 676 534 inter
695 481 786 548 duces,
804 482 902 549 quibus
923 491 981 533 erat
1002 482 1052 536 im·

136 559 256 620 peratum
277 552 371 604 litteris
394 552 472 621 regis,
493 562 521 604 ut
545 551 706 603 occiderent.
743 551 872 618 Agendae
897 561 992 602 autem
1014 550 1053 602 rei

136 620 324 673 constituerant
345 629 459 690 tempus,
484 638 547 674 curn
568 621 726 674 Parmenion
749 638 765 672 a
790 619 986 688 Polydamante
1010 619 1052 672 lit·

135 699 205 741 teras
225 691 334 743 traditas
352 691 440 758 legere
459 691 599 759 coepisset.
636 690 796 758 Polydamas
817 691 907 758 procul
929 689 1051 755 veniens,

135 768 164 812 ut
175 775 192 810 a
205 759 378 812 Parmenione
391 771 549 829 conspectus
560 769 609 828 est,
624 759 698 812 vultu
710 759 828 811 laetitiae
841 759 963 828 speciem
978 775 1052 828 prae-

136 829 244 897 ferente,
258 829 292 882 ad
311 829 544 898 complectendum
564 846 626 881 eum
646 829 776 897 cucurrit,
794 838 943 896 mutuaque
961 839 1051 896 gratu·

136 897 233 950 latione
252 899 343 968 iuncti,
361 898 521 968 Polydamas
535 899 677 969 epistolam
693 915 710 950 a
726 915 788 966 rege
807 897 935 967 scriptam
953 899 981 949 ei
1003 906 1052 950 tra·

136 968 210 1020 didit.
247 969 405 1022 Parmenion
423 968 560 1022 vinculum
577 967 705 1047 epistolae
722 968 835 1034 solvens,
854 968 986 1036 quidnam
1006 985 1053 1020 rex

136 1039 247 1106 ageret?
272 1038 429 1107 requirebat.
465 1038 513 1090 Ille
536 1055 570 1090 ex
593 1056 601 1089 r
622 1039 660 1090 sis
682 1037 776 1090 litteris
799 1038 969 1104 cogniturum
991 1053 1052 1088 esse

138 1108 278 1177 respondit.
313 1109 416 1167 Quibus
431 1107 589 1161 Parmenion
604 1055 691 1176 lectis,
704 1107 769 1176 Rex,
789 1107 882 1174 inquit,
901 1106 1051 1174 expeditio·

138 1195 199 1231 nem
212 1187 285 1246 parat
304 1179 329 1231 in
348 1178 516 1231 Arachosios.
552 1176 692 1230 Strenuum
711 1175 848 1229 hominem
866 1185 894 1228 et
912 1193 1053 1244 nunquam

137 1256 286 1300 cessantem
298 1247 317 1301 ll
351 1247 403 1300 Sed
416 1258 523 1316 tempus
534 1247 613 1299 saluti
626 1263 697 1316 suae,
712 1255 784 1298 tanta
795 1246 851 1315 jam
864 1256 939 1315 parta
957 1245 1051 1313 gloria,

137 1333 254 1386 parcere.
289 1317 409 1370 Alteram
427 1317 524 1369 deinde
542 1315 688 1385 epistolam,
702 1315 822 1368 Philotae
841 1315 949 1366 nomine
969 1315 1052 1384 scrip

139 1397 193 1440 tarn
206 1387 298 1454 laetus,
312 1387 381 1456 quod
394 1403 428 1439 ex
440 1386 513 1438 vultu
532 1385 615 1438 notari
633 1393 742 1454 poterat,
755 1385 870 1452 legebat.
908 1385 980 1436 Tum
994 1383 1053 1452 ejus

138 1455 208 1508 latus
226 1456 314 1522 gladio
337 1455 434 1508 hanrit³
451 1454 588 1524 Cleander,
607 1454 705 1508 deinde
723 1453 845 1523 jugulum
863 1453 941 1521 serit,
968 1455 1052 1506 ceteri

138 1526 291 1578 exanimum
305 1541 411 1594 qnoque
423 1525 583 1578 confodiunt.

160 1599 197 1646 .9.
217 1595 251 1646 Et
269 1595 400 1662 armigeri,
414 1594 459 1662 qui
477 1594 511 1646 ad
529 1593 631 1647 aditum
649 1593 766 1647 nemoris
783 1592 930 1661 astiterant,
944 1596 1053 1660 cognita

138 1663 229 1731 caede,
243 1663 319 1732 cujus
338 1679 419 1715 causa
439 1663 611 1731 ignorabatur,
631 1662 657 1715 in
676 1672 761 1716 castra
779 1662 944 1732 perveniunt,
966 1670 993 1714 et
1013 1670 1052 1714 tu·

139 1733 270 1785 multuosc
293 1733 384 1785 nuntio
406 1733 507 1786 milites
528 1733 667 1785 concitant.
704 1733 745 1786 Illi
767 1732 862 1784 armati
884 1731 919 1783 ad
944 1749 1051 1800 nemus,

139 1803 165 1855 in
189 1819 240 1871 quc
264 1809 414 1872 perpetrata
436 1803 534 1856 caedes
557 1809 620 1871 erat,
642 1806 753 1854 coeunt:
779 1810 814 1870 et,
836 1801 864 1853 ni
887 1800 1052 1870 Polydamas

137 1872 272 1940 ceterique
284 1871 405 1942 ejusdem
417 1889 501 1925 noxae
513 1871 656 1942 participas
667 1871 803 1940 dedantur,
817 1887 922 1923 murum
936 1871 1051 1924 circum·

137 1941 230 1994 datum
253 1942 353 1996 nemori
376 1943 524 1995 eversurcs‘
542 1941 705 2010 denuntiant,
725 1940 897 2008 omniumque
919 1941 1051 2007 sanguina

137 2011 199 2064 duci
234 2014 433 2081 parentaturos.⁵
475 2011 605 2064 Cleander
633 2011 761 2081 primores
790 2026 879 2062 eorum
910 2009 1050 2063 intromitti

140 2080 224 2160 jubet,
246 2081 398 2150 litterasque
420 2081 491 2150 regis
513 2081 624 2149 scriptas
646 2079 681 2134 ad
704 2080 803 2133 milites
826 2079 926 2148 recitat,
952 2079 1052 2148 quibus

137 2151 248 2203 insidiae
267 2151 448 2204 Parmenionis
467 2151 495 2202 in
516 2167 613 2220 regem,
634 2165 787 2219 precesque,
806 2158 836 2200 ut
856 2149 946 2216 ipsum
966 2148 1049 2202 vindi·

137 2229 235 2287 carent,
260 2219 468 2272 continebantur.
505 2218 586 2288 Igitur
609 2219 713 2286 cognita
743 2218 812 2287 regis
837 2219 974 2270 voluntate
999 2236 1049 2272 non

137 2289 246 2356 quidem
258 2289 410 2358 indignatio,
424 2288 471 2341 sed
485 2296 573 2342 tamen
586 2288 681 2342 seditio
693 2304 844 2357 compressa
856 2296 905 2340 est.
934 2285 1051 2358 Dilapsis

137 2357 256 2426 pluribus
278 2359 357 2427 pauci
381 2367 570 2427 remanserunt,
589 2359 642 2427 qni,
665 2357 760 2410 saltem
783 2367 813 2409 ut
840 2373 934 2425 corpus
963 2357 1048 2426 ipsius

137 2427 249 2495 sepelire
278 2427 467 2496 permitterent,
491 2427 675 2497 precabantur.
718 2427 769 2480 Diu
793 2425 819 2478 id
843 2435 972 2493 negatum
998 2437 1046 2496 est,

136 2495 257 2548 Cleandri
280 2506 362 2564 metu,
387 2509 421 2548 ne
445 2495 592 2550 offenderet
615 2513 716 2564 regem.
759 2495 925 2548 Pertinacius
949 2497 1048 2550 deinde

57 2556 59 2574 '
136 2565 311 2634 precantibus,
331 2565 470 2618 materiem
490 2565 716 2620 constemationis⁰
733 2565 944 2618 subtrahendam
963 2577 1045 2635 ratus,

135 2635 223 2704 capite
241 2635 330 2688 deciso
347 2643 469 2688 truncum
491 2636 601 2689 humare
624 2635 753 2705 permisit.
788 2634 831 2688 Ad
856 2652 946 2701 regern
967 2649 1048 2705 capnt

136 2707 247 2758 missum
266 2714 315 2758 est.
351 2705 405 2757 Hic
423 2705 510 2758 exitus
528 2705 710 2758 Parmenionis
721 2704 779 2773 luit,
792 2703 904 2757 militiae
917 2704 1046 2775 domique

164 2843 171 2866 ¹
185 2843 191 2865 ‘
201 2839 255 2887 The
267 2847 375 2898 quarters
383 2812 527 2905 (dviellings)
536 2835 560 2883 in
569 2835 621 2904 that
630 2845 732 2895 country
742 2803 1046 2904 (medicinale-*eitonam

135 2911 242 2978 ΜΨ
262 2897 350 3003 qna.
366 2895 557 3003 “total
574 2893 663 3001 llll.
675 2893 1047 3010 larltltldlhdt'led

134 2970 228 3074 gpqplgq,
238 3016 256 3062 it
267 2973 388 3063 wdlsoinuriil
395 3014 481 3083 indeed
492 2969 660 3119 lithopfrlanted
672 3013 712 3080 the
729 3027 824 3074 graves,
838 2987 894 3058 still
905 3012 935 3059 he
953 2990 1045 3074 mereti

135 3071 755 3200 callslldrlllriruiridlabitlildlnaoiilhlisclirddrilsldirirldiliee
769 3131 848 3178 Gram.
860 3131 874 3182 i
885 3133 937 3178 258.

163 3189 313 3238 '‘Prerces.'
347 3189 401 3237 The
413 3191 479 3238 word
495 3190 589 3250 rmplres
605 3189 727 3250 thrastrng
743 3205 768 3236 1n
783 3189 824 3238 the
840 3189 921 3237 swerd
931 3206 959 3238 as
971 3189 1007 3238 far
1017 3206 1043 3238 as

135 3248 276 3368 he‘csorilpiilly
286 3324 319 3362 ae,
333 3321 415 3366 every
426 3322 538 3356 common
547 3307 663 3357 omission
674 3307 734 3354 with
745 3323 789 3354 onr
799 3307 894 3354 author.

164 3367 315 3414 'Percntare
325 3365 405 3418 alicui,
422 3369 460 3410 ‘to
476 3365 547 3412 malre
564 3381 595 3412 an
610 3365 711 3426 offering
729 3377 754 3414 to
770 3366 811 3414 the
827 3365 906 3424 dead,’
925 3367 986 3415 then
1003 3373 1044 3415 ‘to
1060 3433 1062 3436 v

136 3439 196 3471 aren
214 3441 227 3471 e
238 3424 280 3473 the
291 3422 363 3472 death
375 3421 403 3469 of
409 3437 424 3468 a
433 3425 537 3479 person)

165 3486 174 3510 ⁸
211 3481 332 3540 quiralent
343 3488 368 3527 to
378 3481 504 3536 tumultur,
517 3489 627 3541 stronger
638 3480 696 3530 than
706 3484 838 3546 radalonis.
