2274 3844
472 211 565 252 tinen
584 211 637 251 ru.
943 201 994 255 191

116 323 161 372 18.
181 319 340 372 Bactrianae
352 321 447 372 terrae¹
459 319 599 389 multiplex
612 329 638 372 et
651 323 723 373 varia
734 331 828 374 natura
839 329 889 376 est.
925 325 994 378 Alibi

75 389 169 442 multa
193 389 272 442 arbor
295 399 320 441 et
346 389 417 440 vitis²
437 390 522 457 largos
543 391 676 458 mitesque
700 391 802 443 fructus
824 391 887 444 alit:
911 395 996 447 solum

73 461 182 528 pingue
211 459 295 512 crebri
320 459 407 510 tontes
432 461 530 527 rigant:
557 477 627 528 quae
653 460 757 514 mitiora
780 469 840 514 sunt
864 462 995 516 fmmemo

73 537 268 598 conseruntur,
287 538 375 580 cetera
392 538 571 580 armentorum
596 528 693 597 pabulo
716 528 834 581 cedunt.⁸
867 531 994 600 Magnam

72 597 182 650 deinde
196 607 300 667 partem
314 597 436 666 ejusdem
449 608 534 649 terrae
547 599 650 651 steriles
662 599 776 650 harenae
795 607 899 652 tenent:
920 619 995 670 squa-

72 667 134 720 lida
149 669 273 720 siccitate
286 668 368 735 regio⁴
379 685 431 718 non
444 667 588 736 hominem,
602 684 652 720 non
665 668 768 736 frugem
782 668 844 720 alit:
858 686 920 722 cum
933 689 994 722 vero

71 746 161 788 vento
185 755 203 788 a
228 737 335 790 Pontico
358 737 436 788 mari⁵
456 737 563 806 spirant,
583 737 710 805 quicquid
728 737 813 790 sabuli
840 738 866 790 in
893 743 994 810 campis

74 806 151 858 'acet
165 814 333 858 converrunt.
368 806 444 864 Quod
465 806 509 858 ubi
529 805 694 858 cumulatum
713 815 761 875 est,
775 824 930 875 magnorum
943 811 993 860 col·

83 876 148 928 ium
168 876 261 946 procul
280 876 386 944 species
403 885 451 936 est,
470 875 613 944 omniaque
640 875 741 945 pristini
765 875 865 929 itineris
884 880 994 945 vestigia

71 945 225 998 intereunt.
262 946 355 1014 Itaque
367 945 412 1014 qui
432 953 567 996 transeunt
586 961 695 1013 campos
714 945 897 1013 navigantium
916 948 994 999 modo

71 1023 157 1068 noctu
178 1015 268 1066 sidera
286 1015 433 1082 observant,
453 1015 486 1066 ad
504 1029 615 1082 quorum
634 1031 742 1067 cursum
760 1015 809 1067 iter
825 1013 949 1082 dirigunt,
967 1026 993 1068 et

71 1085 275 1154 propemodum
289 1085 380 1136 clarior
393 1095 433 1134 est
446 1083 530 1134 noctis
542 1083 644 1150 umbra,
657 1100 739 1152 quam
751 1083 804 1136 lux.
834 1085 904 1152 Ergo
916 1085 993 1136 inter-

73 1153 121 1206 din
143 1155 219 1206 invia
239 1163 278 1205 est
299 1154 377 1222 regio,
391 1153 453 1222 quia
472 1169 522 1204 nec
541 1153 692 1222 vestigium,
705 1152 775 1221 quod
795 1163 937 1223 sequantur
956 1155 993 1206 in·

75 1223 200 1292 veniunt,
224 1233 251 1274 et
277 1224 343 1274 nitor
369 1222 498 1276 siderum⁸
515 1221 628 1289 caligine
654 1221 831 1275 absconditur.
868 1223 992 1276 Ceterum

74 1293 97 1345 si
117 1309 187 1362 quos
209 1293 254 1344 ille
268 1303 369 1361 ventus,
383 1293 428 1360 qui
441 1309 457 1342 a
470 1292 535 1344 mari
554 1291 675 1358 exoritur,
689 1291 871 1361 deprehendit,
885 1291 994 1344 harenn⁷

74 1363 173 1430 obruit.
212 1361 263 1414 Sed
284 1379 336 1430 qua
348 1362 434 1413 mitior
447 1370 515 1412 terra
528 1369 575 1429 est,
589 1360 682 1428 ingens
700 1360 836 1414 hominurn
854 1379 994 1432 equorum-

74 1447 128 1500 que
141 1431 288 1484 multitudo
299 1431 423 1500 gignitur.
461 1431 553 1499 ltaque
573 1429 702 1482 Bactriani
719 1429 825 1498 equites
837 1432 907 1484 XXX
919 1430 993 1484 milia

75 1501 262 1570 expleverant.
299 1501 359 1570 lpsa
372 1500 473 1568 Bactra,
488 1499 600 1568 regionis
618 1498 678 1569 ejus
695 1509 782 1570 caput,
796 1501 846 1552 sita
864 1511 923 1552 sunt
943 1502 992 1552 sub

75 1581 167 1623 monte
194 1569 374 1639 Parapamiso.
418 1569 528 1622 Bactrus
546 1569 634 1621 amnis
656 1571 779 1637 praeterit
803 1571 917 1623 moenia.
968 1571 992 1622 ls

76 1637 134 1692 urbi
149 1650 176 1692 et
191 1639 289 1708 regioni
304 1639 376 1692 dedit
389 1655 494 1691 nomen.

113 1715 153 1762 19.
175 1709 225 1762 Hic
239 1708 295 1777 regi
308 1709 403 1760 stativa
416 1708 524 1760 habenti
537 1707 671 1759 nuntiatur
688 1723 722 1760 ex
739 1707 852 1760 Graecia
865 1709 991 1778 Pelopon-

74 1781 211 1832 nesiorum
233 1779 420 1846 Laconumque
441 1776 564 1830 deleotio.
602 1776 728 1829 Nondum
747 1777 820 1830 enim
832 1779 896 1830 victi
908 1790 989 1845 erant,

74 1866 139 1902 oum
163 1848 367 1918 profiscerentur
386 1847 517 1900 tumuitus
541 1845 600 1915 ejus
622 1845 749 1914 principia
768 1847 919 1900 nuntiaturi.
959 1849 989 1899 Et

73 1919 144 1970 alius
168 1933 297 1986 praesens
320 1917 544 1982 reconsiliatur,
566 1914 695 1984 Scythias,
720 1915 765 1984 qui
790 1916 858 1967 ultra
878 1917 988 1969 Tanaim

73 2005 186 2040 amnem
210 1986 307 2066 coluntz
331 1985 484 2054 adventare,
509 1985 590 2037 Besso
614 1983 730 2036 ferentes
753 1999 841 2052 opem.
887 1985 990 2038 Eodem

21 2079 28 2092 ·
75 2066 204 2126 tempore,
218 2073 287 2126 quae
300 2064 418 2124 ingente
432 2056 553 2108 Ariorum
571 2055 689 2106 Caranus
706 2061 733 2105 et
751 2053 885 2122 Erigyius⁰
901 2071 989 2122 gesse·

75 2135 139 2197 rant,
160 2125 339 2196 perferuntur.
376 2125 555 2178 Commissum
577 2133 634 2176 erat
657 2122 785 2192 proelium
810 2123 878 2176 inter
897 2123 988 2176 Maee-

229 2220 234 2223 .
243 2219 281 2223 ..-.
289 2217 404 2222 .-μῆ-ῥυ.
412 2215 505 2222 -.-ἠ-ω
890 2215 988 2223 ————-

102 2266 109 2289 ¹
118 2260 231 2308 Situated
241 2276 272 2308 ou
281 2261 321 2307 the
331 2259 400 2307 north
410 2259 437 2307 os
444 2259 485 2307 the
495 2259 612 2306 so-called
623 2259 708 2307 Indian
718 2259 844 2307 Caucasus
854 2267 918 2314 (now
928 2260 987 2308 Hin-

73 2319 191 2375 datust),
205 2319 252 2366 end
264 2320 317 2366 bein
346 2319 369 2366 in
380 2319 428 2366 fuet
441 2319 481 2365 the
493 2317 574 2377 valley
584 2318 612 2366 of
620 2318 660 2366 the
670 2318 734 2367 river
744 2319 814 2367 Oxus
825 2320 875 2372 (the
888 2320 987 2368 modern

74 2378 181 2446 Gihout
207 2379 262 2426 The
273 2335 373 2446 modern
383 2379 495 2436 province
505 2377 619 2433 (Khunnt)
630 2378 659 2426 of
665 2377 747 2426 Balkh
758 2378 916 2438 corresponds
928 2380 987 2428 with

74 2437 116 2486 the
127 2448 224 2486 ancient
237 2435 371 2486 Bactriana.

100 2500 169 2548 ²For
179 2516 194 2547 a
205 2500 284 2547 notice
296 2499 323 2546 of
335 2501 401 2554 vitis,
414 2498 461 2546 and
472 2499 563 2548 similar
574 2499 654 2549 words
670 2501 731 2551 used
748 2501 773 2550 in
792 2501 840 2550 this
860 2501 986 2551 collective

73 2575 155 2613 sense,
168 2575 210 2607 see
223 2559 321 2618 Zumpt,
335 2559 348 2609 b
360 2563 396 2614 92,
410 2570 466 2605 note
477 2563 499 2606 2.

102 2619 182 2666 ”Are
194 2616 297 2666 devoted
309 2629 333 2665 to
345 2618 459 2676 pasture'

102 2677 193 2724 “The
204 2677 260 2724 land
271 2677 344 2736 being
355 2677 531 2725 characterized
542 2679 574 2737 by
583 2693 598 2725 a
608 2678 681 2746 dusty
690 2677 808 2746 dryness)
842 2677 889 2724 See
903 2677 983 2726 Gram.

74 2737 149 2842 §310st
173 2736 238 2842 dThe
254 2751 340 2796 proper
356 2737 469 2796 meaning
483 2735 512 2784 ol
522 2739 647 2797 squalidus
664 2753 684 2786 is
704 2736 876 2794 ‘ill-looking‚'
896 2735 984 2796 ‘ditty-

74 2811 170 2843 cooure
191 2797 205 2841 .’

102 2853 247 2902 ‘Ponticum
257 2871 321 2902 more
332 2853 352 2901 is
363 2854 404 2902 the
416 2853 493 2901 Black
506 2855 567 2911 seat
584 2857 628 2904 but
639 2870 683 2902 our
698 2853 784 2901 author
800 2851 911 2900 consuses
928 2853 984 2902 here

74 2913 113 2961 the
126 2913 205 2960 Black
217 2913 273 2969 Sea,
285 2914 327 2962 the
340 2913 453 2972 Coepiam
468 2913 507 2960 the
520 2913 566 2961 Sea
577 2914 605 2962 ol
617 2915 697 2968 Aaou,
708 2911 754 2960 aud
766 2911 806 2958 the
822 2911 894 2970 perlm
912 2928 924 2958 s
936 2911 984 2960 less

74 2973 163 3020 known
180 2972 248 3020 Lake
265 2971 293 3020 os
306 2972 374 3020 Aral.
408 2973 473 3020 That
490 2988 532 3019 sea
547 2973 567 3020 is
584 2983 664 3020 meant
681 2970 769 3038 which,
787 2927 935 3019 surrounded
954 2974 984 3032 by

73 3032 150 3091 sandy
162 3031 266 3087 deserte,
281 3031 326 3082 lies
337 3047 368 3078 on
378 3031 419 3078 the
431 3042 493 3080 west
504 3031 551 3078 and
562 3031 632 3079 north
643 3029 671 3078 ol
682 3029 818 3078 Bactriana.

99 3097 269 3153 ‘Collective;
288 3095 328 3143 the
340 3111 385 3143 sun
397 3096 417 3144 is
428 3106 517 3144 meant.

101 3157 166 3204 'We
178 3155 267 3204 should
278 3166 364 3214 expect
375 3158 462 3223 subulo.
495 3155 608 3203 Sabutum
625 3155 646 3202 is
661 3154 723 3223 saud
733 3154 806 3203 when
823 3156 841 3204 it
859 3155 880 3204 is
896 3173 910 3204 a
926 3157 984 3206 kind

74 3215 99 3263 of
116 3215 178 3270 soil;
196 3232 270 3263 arena
287 3215 358 3261 when
374 3226 396 3262 rt
411 3215 432 3262 is
448 3227 506 3272 very
522 3213 574 3273 dry,
592 3213 639 3261 ond
660 3214 784 3273 incapable
800 3215 827 3262 ol
844 3216 983 3278 supporting

73 3275 227 3380 vepeqqpiqp;
245 3274 282 3320 for
293 3274 343 3380 qhip
355 3273 539 3379 reasonfinlthe
550 3273 627 3354 plural
637 3291 723 3322 arenae
734 3289 773 3322 are
784 3275 860 3335 sandy
871 3275 972 3324 deserte.

117 3342 123 3359 ⁴
168 3349 212 3380 e·
245 3348 324 3380 oune
352 3348 449 3380 causeo
475 3347 557 3380 sarm.

99 3397 108 3422 ¹
119 3393 165 3440 See
177 3349 244 3440 viigl
248 3396 269 3448 1,
283 3393 363 3453 where
372 3407 410 3439 we
419 3407 458 3438 ure
469 3391 520 3439 told
531 3391 582 3440 that
591 3393 740 3450 Alexander,
750 3394 823 3442 when
829 3393 852 3440 iu
860 3391 901 3440 the
910 3408 981 3447 coun-

74 3463 110 3513 try
119 3453 147 3500 ol
159 3451 201 3500 the
214 3451 346 3511 Arimaspi.
360 3460 414 3498 sent
426 3451 491 3499 them
503 3451 553 3500 into
564 3453 662 3502 Ariana.
