2274 3844
145 219 204 275 ate
412 231 452 272 oa
476 229 581 272 sceris
604 231 785 272 tuaxsuoru.

143 341 282 407 concussit,
307 340 447 410 fundisque
477 349 504 392 et
533 341 636 408 sagittis
663 339 883 410 propugnantium
913 338 1051 408 plerosque

143 413 257 482 dejecit:
282 427 349 478 quos
369 410 414 462 ubi
433 409 567 478 dispersos
586 410 693 479 fugavit,
715 412 803 462 ruinas
826 409 1052 462 munimentorum

144 497 328 550 supergressus
345 479 379 531 ad
397 487 498 548 petram
516 479 632 531 admovit
646 480 800 532 exercitum·
837 479 963 532 Ceterum
976 479 1050 530 inter-

143 549 268 604 veniebat
288 549 392 617 fluvius,
411 548 567 600 coeuntibus
589 551 665 618 aquis
688 567 721 601 ex
745 549 876 617 superiore
898 547 1003 616 fastigio
1024 547 1052 600 in

143 619 258 688 vallem,
278 618 423 687 magnique
441 618 529 686 operis
546 619 685 670 videbatur
703 628 758 670 tarn
776 626 880 670 vastam
898 619 1051 686 voraginem
1133 649 1135 676 t

143 690 258 759 explere.
296 689 377 740 Caedi
400 696 489 739 tamen
512 687 619 739 arbores
639 696 666 740 et
690 705 754 740 saxa
774 687 878 755 congeri
901 687 995 756 jussit:
1016 687 1051 738 in·
1134 691 1135 756 i

142 775 261 830 gensque
281 758 406 810 barbaros
427 773 514 826 pavor,
534 757 614 809 rudes
632 756 667 810 ad
688 757 750 809 talia
769 774 855 827 opera,
875 764 1051 824 concusserat,

142 830 286 882 excitatam
297 827 396 880 molem
409 826 495 879 subito
507 836 655 879 cernentes.

178 904 202 950 9.
222 899 314 966 ltaque
333 913 379 949 rex
397 896 432 948 ad
452 895 613 948 deditionem
632 905 706 948 metu
730 913 806 964 posse
826 895 952 964 compelli
975 903 1051 965 ratus,
1134 897 1135 956 Ῑ

143 969 257 1022 Oxarten
278 965 350 1018 misit
370 965 482 1018 nationis
499 965 629 1034 ejusdem,
649 965 696 1018 sed
714 966 826 1018 dicionis
843 983 916 1033 suae,
931 965 977 1034 qui
995 982 1052 1018 sua·
1134 985 1135 988 ¹

143 1039 218 1092 deret
230 1037 299 1105 duci,
313 1045 340 1088 ut
352 1035 466 1088 traderet
478 1045 588 1104 petram.
625 1036 733 1088 Interim
751 1035 784 1087 ad
801 1033 953 1103 augendam
967 1034 1053 1106 fprmi·
1134 1065 1135 1094 2

144 1107 234 1161 dinem
258 1115 285 1158 et
308 1115 393 1158 turres
415 1104 631 1174 admovebantur,
653 1114 679 1157 et
703 1121 814 1157 excussa
838 1104 978 1156 tormentis
1004 1104 1054 1156 tela

143 1176 297 1230 micabant.¹
332 1175 423 1243 ltaque
436 1175 566 1227 verticem
576 1186 676 1243 petrae,
689 1175 759 1227 omni
771 1173 822 1225 alio
833 1173 966 1242 praesidio
980 1173 1053 1228 dam-
1134 1177 1135 1192 ¹

143 1246 231 1314 ῐιαιο,Ι
260 1245 417 1313 petiverunt.
460 1246 496 1296 At
525 1245 635 1298 Oxartes
669 1244 801 1312 trepidum
830 1243 1053 1311 diffidentemque
1134 1259 1135 1262 ’

144 1315 223 1367 rebus
244 1315 298 1366 suis
317 1312 503 1383 Sysimithrem
523 1314 609 1384 coepit
629 1313 733 1380 hortari,
754 1323 781 1365 ut
799 1313 881 1366 fidem
899 1329 984 1380 quarn
999 1314 1053 1366 vim

143 1383 324 1436 Macedonum
350 1382 442 1434 mallet
467 1384 589 1452 experiri,
614 1399 667 1435 neu
689 1391 834 1435 moraretur
854 1381 1053 1436 festinationem

143 1453 249 1505 victoris
269 1452 401 1504 exercitus
421 1451 447 1504 in
470 1451 574 1507 Indiam
595 1452 742 1504 tendentis:
764 1451 807 1504 cui
825 1451 947 1520 quisquis
966 1462 1054 1504 semet

143 1521 256 1589 offerret,
270 1521 296 1572 in
314 1537 392 1572 suum
411 1530 490 1590 caput
508 1521 623 1574 alienam
636 1521 751 1574 cladarn³
762 1537 820 1572 esse
834 1537 981 1573 versurum.
1019 1521 1054 1576 Et

143 1591 200 1659 ipse
225 1589 333 1658 quidem
363 1589 535 1659 Sysimithres
560 1590 722 1644 deditionem
750 1590 901 1642 annuebat:
932 1599 1054 1644 ceterum

143 1665 227 1712 mater
250 1657 400 1727 eademque
425 1658 540 1728 conjunx
566 1661 718 1713 morituram
746 1676 775 1712 se
799 1669 860 1712 ante
884 1659 1052 1727 denuntians,

142 1745 221 1796 quam
252 1727 278 1779 in
308 1727 388 1781 ullius
409 1730 511 1782 veniret
541 1738 708 1799 potestatem,
732 1728 837 1782 barbari
866 1719 995 1782 animum‘
1018 1731 1053 1782 ad
1134 1769 1135 1774 ,

1133 1603 1135 1748 l

141 1796 291 1850 honestiora
310 1814 390 1866 quarn
415 1797 510 1850 tutiora
532 1807 704 1860 converterat,
728 1798 899 1867 pudebatque
923 1797 1055 1852 libertatis
1134 1857 1135 1878 ,

141 1866 229 1935 majus
241 1883 300 1918 esse
312 1866 383 1936 apud
396 1867 517 1938 seminas,
530 1883 611 1936 quam
629 1867 700 1938 apud
712 1869 781 1920 viros
799 1867 922 1936 pretium.
960 1869 1054 1938 Itaque

141 1935 252 1988 dimisso
264 1936 421 1989 internuntio
439 1937 518 2006 pacis,
532 1937 695 1990 obsidionem
714 1937 782 1989 ferre
800 1937 965 1990 decreverat.
1002 1939 1052 1991 Sed

141 2021 202 2058 oum
222 2005 304 2058 hostis
315 2006 387 2058 vires
403 2022 518 2074 suasque
536 2015 665 2074 pensaret,
679 2023 768 2058 rursus
783 2007 921 2059 muliebris
939 2007 1052 2076 consilii,

141 2076 210 2144 quod
224 2091 352 2144 praeceps
363 2075 448 2142 magis
459 2091 540 2143 quam
552 2075 731 2128 necessarium
743 2093 803 2128 esse
815 2077 950 2146 credebat,
963 2078 1053 2146 poeni-

141 2153 198 2196 tere
210 2161 271 2196 enm
285 2144 387 2212 coepit:
407 2153 580 2212 revocatoque
598 2153 703 2198 strenue
722 2146 825 2214 Oxarte,
838 2145 957 2198 futurum
978 2163 1008 2198 se
1027 2147 1053 2200 iu

141 2214 210 2280 regis
230 2221 360 2280 potestate
381 2212 520 2282 respondit,
539 2231 623 2267 unum
641 2224 773 2284 precatus,
790 2232 824 2266 ne
839 2215 1007 2268 voluntatem
1026 2226 1052 2268 et
1134 2251 1135 2256 =

141 2282 282 2333 consilium
301 2283 468 2335 matrissuae
480 2283 609 2352 proderet,
623 2301 675 2352 quo
687 2283 792 2336 facilius
804 2285 883 2336 venia
896 2285 932 2337 illi
946 2301 1052 2353 quoque

141 2349 334 2418 impetraretur.
370 2351 549 2405 Praemissum
561 2353 639 2421 igitur
650 2355 763 2406 Oxarten
777 2370 838 2406 cum
852 2363 937 2407 matre
950 2354 1052 2407 liberis·

160 2435 192 2469 ue
210 2427 237 2469 et
255 2419 510 2490 totiuscognationis
521 2438 602 2489 grege
615 2423 782 2493 sequebatur,
796 2441 829 2474 ne
842 2432 983 2492 expectato
995 2425 1052 2492 qui-

140 2435 202 2538 iem
227 2485 289 2538 fidei
313 2487 429 2556 pignore,
451 2489 520 2568 quod
544 2491 655 2545 Oxartes
677 2493 839 2562 promiserat.
875 2493 940 2562 Rex,
962 2493 1053 2562 equite

140 2555 292 2635 praemisso,
306 2559 350 2625 qui
371 2567 467 2610 reverti
486 2575 531 2612 eos
553 2558 666 2628 juberet,
685 2561 851 2630 opperirique
871 2563 1052 2630 praesentiam

140 2626 230 2694 ipsius,
245 2627 411 2695 supervenit3
429 2636 455 2680 et
467 2628 584 2682 victimis
602 2630 741 2683 Minervae
759 2649 791 2684 ac
806 2631 938 2684 Victoriae
956 2633 1050 2701 caesis,

141 2695 284 2764 imperium
302 2696 452 2765 Sysimithri
472 2698 591 2768 restituit,
604 2717 652 2768 spe
671 2700 779 2769 majoris
796 2702 878 2754 etiam
898 2702 1051 2769 provinciae

131 2763 218 2830 arfacta,
244 2765 264 2818 si
289 2783 350 2817 oum
375 2765 428 2818 fide
452 2767 597 2820 amicitiam
626 2769 708 2836 ipsius
736 2770 869 2822 coluisset.
915 2771 988 2824 Duos
1012 2771 1052 2823 illi

137 2832 250 2902 juvenes
260 2845 335 2903 patre
348 2835 475 2903 tradente,
489 2851 581 2889 secum
594 2838 750 2891 militaturos
763 2840 837 2908 sequi
849 2839 936 2908 jussit.

176 2909 215 2955 10.
233 2904 336 2956 Relicta
348 2904 445 2956 deinde
457 2904 588 2975 phalange
601 2907 634 2959 ad
647 2907 813 2976 subigendos,
828 2909 872 2977 qui
885 2909 1050 2978 defecerant,

138 2987 201 3050 cum
225 2974 314 3041 equite
337 2974 472 3042 processit.
516 2975 637 3028 Arduum
664 2986 690 3031 et
718 2977 877 3046 impeditum
905 2979 979 3030 saxis
1001 2980 1051 3031 iter

136 3057 220 3108 primo
250 3052 386 3112 utcunque
416 3044 570 3098 tolerabant.
613 3045 680 3098 Mox
703 3063 831 3114 equorum
860 3064 912 3099 uon
943 3047 1051 3116 ungulis

136 3109 214 3162 modo
232 3111 335 3180 attritis,
355 3112 402 3165 sed
422 3113 573 3183 corporibus
590 3115 671 3166 etiarn
689 3113 813 3183 fatigatis,
833 3117 908 3184 sequi
928 3117 1050 3187 plerique

135 3193 187 3230 non
206 3186 334 3250 poterant,
353 3189 380 3233 et
398 3185 492 3236 rarins⁴
509 3183 622 3236 subinde
640 3201 737 3251 agmen
754 3185 843 3254 fiebat,
862 3186 1001 3256 pudorem,
1020 3197 1050 3240 ut
1134 3197 1135 3200 ’

164 3302 172 3325 ¹
186 3297 255 3346 ‘The
267 3297 333 3344 darts
344 3297 438 3364 throwu
449 3301 482 3358 by
494 3300 534 3348 the
545 3302 646 3362 engines
662 3301 772 3363 gleamed
784 3301 874 3356 (before
887 3302 950 3350 their
961 3305 1048 3364 eyes).'

129 3369 132 3376 ⁴
162 3355 254 3415 ’They
265 3357 342 3402 threw
354 3356 419 3404 assde
430 3372 504 3417 every
514 3360 583 3408 other
594 3377 677 3408 means
686 3360 714 3408 of
720 3359 827 3417 deferres,
841 3377 868 3408 as
879 3362 974 3410 unsafe.

115 3431 117 3434 ·
162 3417 172 3442 ⁸
184 3414 303 3481 ‘Foreign
310 3413 458 3461 destruction
466 3417 544 3472 3’·that
552 3419 581 3474 is,
591 3420 632 3468 tha
639 3420 787 3468 destruction
796 3420 907 3469 destined
913 3421 950 3470 for
956 3421 1049 3472 others.

163 3475 172 3498 ⁸
184 3471 327 3527 ‘Thimea'
340 3473 447 3530 opposed
457 3483 483 3520 to
493 3478 599 3524 densam.
