2322 3850
120 231 162 290 20
387 244 427 286 nr
450 243 765 287 orsrrsnsrxsrmar.

120 353 227 426 aooipit,
247 353 344 424 quibus
365 353 392 408 si
413 353 595 408 denuntiabat¹
618 369 652 406 ne
676 355 791 407 salutem
809 369 887 407 suam
907 353 1031 424 Pnitppo

121 423 313 480 summitteret:
333 423 406 477 mille
418 423 524 476 talentis
535 441 552 476 a
563 423 648 476 Dareo
660 431 687 475 et
704 439 752 492 spe
770 423 920 492 nuptiarum
937 423 1032 478 sororis

122 493 181 564 ejus
192 509 252 546 esse
263 501 423 562 oorruptum.
459 491 595 571 Ingentem
608 491 696 544 animo
709 491 915 546 sollicitudinem
927 493 1030 546 litterae

121 563 293 631 munerarent,
306 572 333 615 et
349 560 475 632 quioquid
493 578 520 614 ιιι
538 568 796 630 utramquepartem
815 569 862 615 aut
880 569 969 614 motus
985 571 1032 615 aut

122 647 184 702 spes
195 631 351 700 subjecerat,
364 639 468 683 secrete
485 629 669 683 aestimatione
687 629 823 698 pensabat.
860 629 953 684 Bibere
973 647 1032 700 per·

122 699 274 754 serereml²
285 709 321 769 ut,
334 699 358 754 si
369 715 504 754 venenum
515 698 607 752 datum
619 698 705 766 luerit,
718 715 752 751 ne
768 700 900 752 immerito
912 699 1031 769 quidem,

122 771 166 840 qui
202 768 387 840 uidaoeiderit,
395 767 518 822 evenisse
527 767 665 821 rideatur?
684 769 816 821 Damnem
825 769 921 820 mediol
929 769 1032 822 fideml

122 839 151 892 iu
161 785 330 892 ribemoulo
343 855 404 907 ergo
417 854 461 890 me
472 837 585 907 opprimi
600 837 701 906 patiar?
737 839 773 890 At
791 839 874 890 satius
891 847 931 890 est
944 837 1032 890 alieno

122 924 168 964 tna
184 907 252 964 mori
268 907 379 977 eoelere,
392 923 473 976 quam
492 916 565 960 metu
582 917 677 959 nostro.
715 906 765 958 Diu
782 906 871 960 animo
890 907 915 958 in
928 905 1033 960 diversa

123 987 233 1046 versato,
243 976 308 1030 nulli
320 977 384 1047 quid
396 976 521 1045 seriptum
530 985 601 1028 esset
609 974 734 1044 enuntiat,
745 975 937 1046 epistolamque
945 975 1032 1044 sigillo

121 1047 194 1102 anuli
205 1046 246 1100 sui
257 1046 384 1117 impresso
396 1044 511 1114 pulvino,
524 1046 567 1098 oui
579 1043 756 1113 inueniebat,
770 1043 892 1114 snbjeoit.

160 1121 199 1169 15.
219 1116 290 1170 luter
302 1117 351 1168 has
362 1114 534 1182 cogitationes
548 1113 627 1168 biduo
639 1113 787 1182 absumpto,
801 1113 886 1168 illuxit
897 1131 914 1166 a
926 1113 1032 1166 medieo

122 1183 270 1240 destinatus
289 1185 354 1253 dies,
376 1192 403 1236 et
421 1182 467 1236 ille
484 1200 547 1236 oum
565 1183 667 1252 poculo,
689 1183 714 1234 in
733 1199 785 1251 qno
805 1183 1032 1236 medicamentum

122 1253 242 1324 diluerat,
267 1253 381 1307 intrarit.
416 1251 475 1312 Quo
496 1253 555 1305 viso
577 1251 729 1306 Alexander
752 1251 838 1304 levato
861 1253 980 1321 eorpore⁸
1003 1252 1030 1306 in

123 1324 212 1405 cubili)
225 1323 366 1393 epistolam
376 1339 393 1374 e
405 1321 579 1376 Parmenione
596 1322 707 1374 missam
719 1320 822 1372 sinistre
835 1334 914 1373 mano
929 1331 1030 1392 tenens,

122 1393 221 1463 eooiprt
232 1392 364 1461 poculum,
377 1400 404 1445 et
422 1391 508 1444 haurit
526 1391 673 1444 interritus:
693 1392 760 1443 tum⁴
777 1390 913 1458 epistolam
934 1388 1031 1460 Philip·

102 1485 104 1490 ’
124 1479 188 1532 pum
205 1461 294 1530 legere
310 1460 393 1531 jubet,
413 1477 496 1514 neoa
513 1459 587 1512 vultu
606 1459 719 1529 legatis
737 1459 819 1512 movit
835 1461 933 1528 oeulos,
950 1469 1030 1530 ratus,

123 1531 226 1602 aliquas
243 1531 419 1584 eonscientiae
439 1537 515 1582 notes
533 1529 560 1582 in
580 1529 636 1600 ipso
654 1545 699 1582 ore
715 1531 803 1600 posse⁶
822 1529 1030 1598 deprehendere.

124 1600 180 1670 ille,
193 1599 304 1670 epistola
316 1599 439 1669 perlecta,
454 1598 514 1668 plus
531 1597 716 1667 indignationis
747 1615 808 1650 uam
822 1600 925 1668 pavoris
943 1607 1030 1652 osten·

123 1669 177 1724 dit:
197 1668 373 1739 projeotisque
385 1667 500 1721 amioulo
512 1675 539 1720 et
557 1666 650 1720 litteris
667 1615 849 1735 anteqleotum,
862 1669 927 1736 Rex,
941 1669 1031 1738 inquit,

124 1755 230 1810 semper
240 1737 351 1808 quidem
363 1737 469 1808 spiritus
481 1753 559 1790 meus
569 1753 604 1790 ex
616 1746 642 1790 ts
659 1738 785 1816 pependit
806 1737 855 1790 ssd
872 1754 943 1790 nuno
960 1755 1030 1807 vers,
1079 1805 1081 1809 y

123 1809 239 1875 arbitror,
252 1822 326 1860 saoro
338 1815 365 1859 et
378 1806 524 1861 venerabili
541 1821 587 1859 ore
605 1805 735 1860 trahitur!
769 1775 874 1860 (iumen
887 1805 1029 1877 parricidii,

123 1879 194 1948 qnod
213 1875 280 1931 mihi
299 1875 435 1946 objectum
455 1885 504 1946 est,
524 1883 570 1930 tua
590 1876 662 1930 salus
680 1875 771 1928 diluet.
807 1875 933 1929 Servatus
950 1893 967 1928 a
987 1893 1032 1930 me

123 1947 206 2001 vitam
228 1945 296 2000 mibi
318 1945 438 2000 dederis:
463 1961 507 1999 oro
529 1961 564 2016 qu
647 1959 689 2014 ue,
709 1945 816 1998 amisso⁷
840 1953 915 1998 metu
937 1953 1030 2014 patere

122 2016 350 2070 modioameutum
378 2015 481 2086 eoooipi
510 2015 601 2068 venis:
663 2029 696 2067 xa
724 2014 868 2084 paulisper⁸
901 2017 1031 2084 animum,

123 2103 205 2156 quem
222 2084 413 2156 intempestive
430 2083 604 2138 sollieitudine
621 2083 700 2138 amioi
718 2099 783 2136 sane
795 2083 896 2154 fideles,
910 2083 958 2138 sed
977 2101 1032 2138 mo·

123 2154 191 2208 leste
213 2155 300 2208 seduli
324 2155 438 2207 turbant.
473 2155 534 2207 Non
557 2169 681 2206 securum
704 2153 784 2209 modo
807 2152 876 2206 liaeo
900 2171 958 2222 vox,
984 2155 1032 2207 sed

123 2224 207 2278 etiam
218 2224 320 2277 laetum
332 2239 424 2292 regem
435 2239 468 2276 ao
485 2221 594 2292 plenum
612 2221 698 2276 bonae
714 2223 773 2292 spei
786 2222 858 2276 leoit.
894 2223 995 2293 Itaque,
1009 2225 1032 2276 si

125 2293 175 2364 Dii,
195 2293 288 2364 inquit,
308 2292 438 2361 Philippe‚
458 2292 505 2352 tibi
528 2291 716 2361 permisissent,
737 2309 789 2362 qno
813 2293 890 2346 modo
914 2292 1033 2347 maxime

153 2401 160 2424 ¹
172 2393 235 2444 This
244 2397 303 2457 verb
314 2393 409 2454 implies
420 2394 478 2442 both
490 2395 597 2455 warning
612 2393 659 2445 arrd
674 2393 768 2452 threet3
785 2396 837 2444 that
849 2397 878 2452 ir,
892 2395 922 2444 he
934 2397 1033 2446 warned

124 2453 265 2504 Alexander
279 2461 321 2502 not
337 2463 362 2502 to
378 2462 440 2504 trust
456 2452 737 2513 perennitatem
752 2464 776 2502 at
792 2455 833 2504 the
849 2471 916 2504 sarna
932 2456 991 2504 timo
1007 2467 1034 2506 to

14 2573 21 2586 ,
123 2513 213 2574 punish
222 2513 264 2562 the
275 2512 408 2575 physioion.

151 2571 861 2692 3=tltlll'llltttltltlmultabiturn
872 2648 980 2694 prom„
995 2651 1030 2692 η,

124 2705 162 2740 we
173 2691 335 2800 boneffiam.
581 2749 586 2758 Ι
604 2749 609 2760 ¹
678 2749 683 2760 ι
843 2733 848 2760 :
952 2735 954 2742 ι

152 2750 238 2804 ‘Alex
285 2763 311 2798 er
320 2747 373 2798 first
383 2747 461 2797 drona
470 2747 642 2818 thornedrorns
653 2750 754 2800 wrthout
770 2765 817 2819 any
828 2767 895 2812 signs
906 2749 934 2800 of
945 2751 1029 2809 alarin,

123 2809 171 2858 aud
181 2809 241 2860 theu
250 2807 345 2858 handad
355 2817 380 2856 to
391 2807 432 2856 the
447 2807 574 2868 physroran
589 2808 630 2858 the
646 2808 717 2860 letter
727 2809 808 2858 wbrch
818 2810 922 2859 accused
936 2809 1033 2860 him-o

124 2869 200 2918 tolren
209 2877 234 2918 at
244 2883 304 2918 onoe
314 2867 390 2936 ottho
401 2876 507 2940 greatest
518 2867 656 2936 oonfidsuce
667 2869 692 2916 iu
703 2867 852 2934 Philip-‚paud
862 2868 945 2934 olbut
956 2869 1032 2932 ¹slight

124 2937 221 3033 nepheg
228 2926 424 3091 izrpligffessiie
434 2926 763 3055 offiirstiiririeoiibssoiedeotire
771 3001 878 3048 pronoun
889 2987 914 3036 in
924 2987 965 3038 the
974 3003 1031 3056 oon·

124 3051 266 3151 ἓιθιὲιοέἓὲιί
278 3044 479 3154 §tlpgpoousatrve
490 3045 549 3094 with
560 3043 601 3093 the
611 3043 729 3094 infinitivo
739 3061 759 3096 rs
770 3057 812 3096 not
823 3061 874 3096 rare
885 3061 910 3094 ιιι
922 3045 1030 3098 Curtius.

152 3165 162 3192 ³
175 3159 236 3221 ‘My
246 3161 331 3210 brsath
342 3161 362 3210 is
373 3162 456 3212 herou
466 3162 527 3212 from
537 3162 581 3224 thy
591 3161 677 3212 mouth
685 3164 702 3222 ;'
715 3163 766 3214 that
778 3162 808 3222 is,
820 3179 862 3225 my
870 3163 911 3214 lile
923 3165 1031 3226 depende

121 3234 288 3360 on'y‘pprpm
300 3279 438 3340 oommorrly
447 3280 548 3351 deuotes
563 3295 595 3330 an
609 3280 761 3352 involnutery
772 3292 819 3340 aet,
834 3286 875 3331 ‘to
886 3281 945 3331 lose’
959 3283 1030 3354 with·

124 3346 167 3386 out
177 3353 223 3386 ons
234 3352 247 3386 s
258 3335 316 3384 will.
346 3335 411 3386 Here
420 3355 507 3387 amasso
516 3349 579 3388 meta
584 3349 667 3403 patere
681 3343 711 3390 be
768 3341 809 3391 the
825 3353 892 3390 same
908 3357 934 3390 as
949 3351 1033 3391 omitte

125 3405 209 3446 mm
219 3404 240 3444 et
247 3403 336 3458 potore,
348 3395 437 3456 olearly
447 3411 617 3458 expressam
627 3411 666 3452 aet
675 3399 705 3450 ol
710 3415 742 3449 vo
753 3399 819 3458 tion,
834 3405 875 3450 ‘to
884 3409 928 3463 put
938 3402 1029 3461 επακ

124 3455 341 3564 “trulla
351 3513 425 3564 nme
