2294 3842
127 211 185 266 306
392 224 431 266 ne
455 225 562 267 oneris
584 225 766 268 suexrnoru.

126 337 239 408 deserto,
257 351 320 390 cura
343 331 462 404 pluribus
479 341 597 388 vestrum
621 333 776 388 defuturum
794 335 922 390 viaticum
949 335 1036 408 suerit,

126 407 154 462 ui
171 425 218 460 aes
235 405 353 460 alienum
371 402 497 456 luissem:
517 421 614 474 nempe
634 403 659 456 in
679 405 798 457 Asiatica
822 405 942 474 praeda.¹
980 408 1037 460 Nee

145 477 209 532 adet
226 473 356 546 profundo
374 483 465 526 ventre
487 471 654 526 devictarum
676 475 796 541 gentium
821 474 905 544 spolia
923 475 1039 529 eircum-

126 495 248 614 htrentes,
267 543 363 596 reverti
382 541 451 594 velle
469 542 503 594 ad
522 541 618 606 liberos
636 542 825 613 conjugesque,
838 543 940 612 quibus
958 547 1038 614 pauci

126 615 245 686 praemia
255 615 381 666 victoriae
399 611 509 680 potestis
525 611 673 664 ostendere.
709 613 781 666 Nam
799 622 959 684 ceterorum,
972 615 1038 668 dum

125 685 206 738 etiarn
226 684 283 754 spei
301 693 405 735 vestrae
423 681 529 734 obviem
548 682 610 752 istis,
629 699 704 734 erma
722 690 828 802 quoque
847 683 949 752 pignori
968 693 1038 738 eunt.

126 753 206 808 Bonis
223 770 285 806 vero
309 750 436 804 militibus
458 752 587 804 cariturus
609 769 677 822 snm,
697 768 729 822 pe
742 751 824 804 licum
848 769 958 805 suarum
977 771 1039 806 oon-

125 823 244 877 cubinis:
263 822 358 894 quibus
370 820 419 874 hoo
431 819 518 873 solnm
530 837 564 874 ex
576 821 654 873 tantis
672 820 766 890 opibus
778 837 808 874 su
846 830 899 874 rest
919 822 947 874 in
966 821 1039 892 quod

111 893 307 964 impenditur?
342 889 454 944 Proinde
467 889 627 958 fugientibus
639 907 685 942 me
697 899 804 959 pateant
810 838 930 944 hemites:
951 891 1038 946 leces-

126 963 176 1015 site
199 961 261 1016 binc
284 959 374 1029 ocius;
425 976 522 1012 ocum
540 959 627 1014 Persis
646 959 804 1013 abeuntium
828 969 902 1028 terga
920 961 1036 1014 tutabor.

125 1031 269 1086 Neminem
292 1040 385 1083 teneo:
422 1027 521 1082 iberate
543 1027 634 1082 oculos
656 1045 739 1098 meos,
759 1030 932 1098 ingratissimi
951 1032 1038 1084 cives.

126 1101 202 1154 Laeti
214 1119 261 1154 ros
273 1100 407 1169 excipient
419 1108 542 1168 parentes
553 1098 681 1168 liberique
701 1099 758 1150 sine
771 1108 857 1151 vestro
878 1116 940 1167 rege
959 1100 1040 1152 rede-

126 1169 220 1224 untes!
235 1165 831 1236 obviarnibuntdesertoribustransfugisquel
852 1168 1038 1238 Triumphabo

125 1239 279 1294 mehercule
291 1239 326 1292 de
337 1238 402 1306 fuga
413 1248 508 1308 restra,
521 1245 548 1290 et
561 1237 710 1306 ubicunque
722 1253 775 1307 ero,
788 1246 913 1307 expetam
925 1255 1038 1310 poenas,

126 1308 181 1377 hos,
192 1327 254 1364 curn
266 1307 417 1379 quibusme
427 1306 582 1378 relinquitis,
592 1307 702 1360 colendo
711 1305 939 1377 praeferendoque
950 1308 1037 1362 vobis.

124 1378 184 1432 lem
197 1390 288 1432 autam
301 1375 398 1445 scietis,
411 1385 438 1428 et
457 1385 584 1446 quantum
604 1377 661 1430 sine
679 1393 742 1446 rege
754 1375 842 1429 valeat
855 1377 994 1448 exercitus,
1009 1390 1040 1432 et

125 1447 217 1516 quido
236 1449 295 1501 isin
309 1462 418 1500 menno
431 1445 472 1498 sit.

163 1524 202 1570 11.
246 1516 332 1570 esiluit
349 1515 448 1568 deiude
467 1513 593 1568 frendens
612 1513 646 1568 ds
666 1514 798 1585 tribunali,
819 1525 846 1569 et
865 1515 894 1568 in
913 1515 1038 1570 medium

124 1595 285 1640 armatorum
306 1601 403 1654 agmen
421 1601 451 1636 se
469 1584 586 1652 immisit,
608 1593 710 1638 notatos
729 1601 843 1654 quoque,
863 1585 909 1654 qni
927 1585 1036 1639 ferocis·
1068 1641 1074 1648 ,

125 1655 193 1708 sime
204 1653 320 1708 oblocuti
332 1663 414 1723 erant,
424 1653 541 1722 singulos
552 1671 633 1706 manu
646 1655 777 1724 corripuit,
787 1671 837 1707 neo
849 1671 928 1706 ausos
939 1671 1037 1724 repug-

124 1739 196 1794 nare,
206 1723 333 1780 tredecim
346 1725 520 1778 asservandus
531 1723 684 1778 custodibus
695 1723 810 1794 corporis
820 1722 937 1778 tradidit.
967 1724 1038 1782 Quis

125 1794 252 1864 crederet,
272 1811 382 1848 saevam
397 1793 479 1864 paulo
499 1802 562 1846 ante
586 1795 735 1847 contionem
758 1793 923 1862 obtorpuisse
946 1794 1036 1847 subito
1074 1801 1076 1804 '

125 1872 207 1934 motu,
225 1872 252 1918 et
270 1881 333 1918 curn
355 1863 389 1916 ad
408 1863 569 1933 supplicium
587 1861 690 1916 videret
709 1861 777 1916 trahi
793 1861 861 1915 nihil
877 1879 958 1916 ausos
975 1881 1036 1930 gra-

125 1933 197 1987 viora
208 1949 289 2004 quam
300 1943 404 1988 ceteros
440 1935 457 1969 *
494 1933 523 1968 *Β
556 1931 612 1984 sive
630 1933 752 2002 nominis,
766 1931 836 2001 quod
848 1941 950 2001 gentes,
963 1949 1036 2001 qnae

124 2001 175 2056 snb
187 2003 292 2072 regibus
303 2011 371 2070 sunt,
386 2003 453 2056 inter
464 2003 529 2054 deos
548 2001 647 2070 colunt,
658 2003 715 2054 sive
734 2002 838 2072 propria
857 2001 941 2071 ipsius
952 2017 1036 2055 vene·

125 2073 197 2144 ratio,
216 2073 273 2126 sive
296 2072 396 2126 fiducia
419 2079 492 2124 tante
510 2072 536 2124 vi
554 2071 702 2124 exercentis
725 2071 866 2142 imperium
889 2072 1036 2127 conterruit

125 2157 185 2196 eos:
204 2141 334 2211 singulare
346 2150 418 2196 certe
431 2140 570 2194 ediderunt
581 2139 723 2210 patientiae
736 2140 898 2212 exemplum,
911 2142 1034 2210 adeoque

124 2227 176 2264 uon
194 2221 255 2265 sunt
272 2211 379 2266 accensi
402 2210 530 2281 supplicio
554 2209 744 2280 comilitonum,
763 2227 826 2278 cunr
852 2211 903 2264 sub
925 2219 1035 2266 noctem

124 2279 277 2334 interlectos
294 2297 355 2334 esse
373 2289 531 2348 cognossent
549 2289 578 2333 ut
597 2279 664 2334 nihil
681 2279 824 2350 omiserint,
844 2280 915 2350 quod
936 2280 1035 2349 singuli

188 2350 212 2402 is
228 2349 383 2402 obedienter
400 2357 428 2401 et
445 2350 490 2420 pie
508 2349 646 2404 lacerent.⁴
680 2349 751 2403 Nam
775 2367 838 2403 cum
861 2359 967 2420 postero
989 2349 1035 2403 die

124 2365 250 2471 nbhhibiti
267 2417 341 2471 aditu
353 2419 496 2488 venissent,
509 2419 634 2473 Asiaticis
653 2418 732 2472 modo
751 2418 881 2472 militibus
897 2419 1034 2490 admissis,

124 2435 284 2556 fugiuntur
307 2488 368 2540 totis
397 2487 490 2539 castris
518 2487 626 2542 edidero
658 2489 810 2558 clamorem,
834 2488 1034 2560 denuntiantes,

124 2557 242 2628 protinus
253 2573 312 2638 esse
325 2555 483 2636 morituros,⁶
495 2557 518 2610 si
531 2574 578 2610 rex
589 2567 770 2638 perseveraret
782 2558 868 2610 irasci.
930 2627 936 2638 ι

162 2631 202 2680 12.
220 2630 255 2681 At
268 2625 313 2680 ille
324 2643 471 2706 pervicacis
482 2627 517 2680 ad
528 2643 625 2750 omniq,
635 2644 703 2698 quae
711 2628 945 2750 agitassetffitimr,
959 2644 1036 2698 pere·

124 2697 256 2778 grinorum
279 2696 405 2776 militnm,
418 2696 568 2776 contionem
590 2714 607 2750 a
627 2697 714 2751 vocari
735 2695 818 2778 jubet,
885 2695 1037 2777 oedonibns

124 2776 192 2821 rutra
215 2779 301 2822 castra
318 2765 456 2820 oohrbitle:
475 2776 502 2819 at
520 2782 583 2820 curn
600 2765 754 2836 frequentes
771 2774 895 2835 coissent,
913 2765 1037 2820 adhibito

124 2838 265 2907 interprete
289 2837 372 2890 talem
395 2836 541 2889 orationem
566 2835 673 2888 habuit:
700 2835 769 2889 Cum
786 2851 822 2888 ex
839 2835 946 2906 Europe
965 2835 1037 2906 traji-

153 2951 159 2972 ¹
168 2943 199 2992 In
209 2944 253 2992 has
264 2944 322 2994 here
333 2944 375 2992 the
386 2943 450 2994 soros
460 2942 488 2992 of
503 2941 748 3002 ‘notwithstanding’

152 3001 287 3063 'Namely‚
300 3003 341 3050 the
353 3002 498 3052 concubines
507 3001 589 3049 whom
599 3000 640 3049 the
652 3001 752 3049 soldiers
764 2999 903 3060 supported.

151 3061 242 3133 ’'Some
254 3062 333 3110 words
344 3063 407 3113 have
417 3061 485 3120 dropt
497 3069 539 3110 out
550 3059 616 3118 hera,
628 3060 688 3109 such
700 3075 727 3110 es
742 3077 772 3108 oe
787 3077 861 3110 uocem
876 3061 972 3122 quidem
982 3077 1035 3109 erra·

99 3215 100 3222 1
122 3123 228 3228 inqu&
246 3119 406 3240 &jaceretis
439 3177 501 3228 This
517 3177 537 3227 is
552 3193 644 3228 amore
660 3175 747 3228 diffuse
763 3177 834 3226 mode
850 3177 879 3226 of
890 3179 1037 3240 expressing

124 3239 191 3287 ‘that
208 3253 239 3320 nq
255 3252 300 3285 one
318 3238 391 3287 could
406 3237 468 3286 heve
484 3237 619 3289 conducted
636 3237 737 3286 himself
754 3237 778 3286 in
799 3253 815 3286 a
832 3252 898 3286 more
920 3238 1036 3287 obedient

122 3313 208 3401 111111113
210 3312 356 3402 rdeath-weil
364 3355 381 3411 ς’
394 3351 446 3402 that
458 3353 488 3424 is,
500 3371 515 3403 a
525 3354 581 3402 weil
597 3354 657 3406 such
673 3371 700 3404 as
716 3355 737 3404 is
752 3355 832 3404 raised
847 3369 906 3404 over
917 3371 1033 3418 corpses3

120 3410 156 3457 sor
166 3414 255 3472 lugere,
269 3416 355 3470 luctae,
367 3415 485 3476 lugubris,
498 3411 532 3460 all
542 3413 605 3462 refer
615 3423 640 3461 to
650 3414 731 3464 death.

148 3467 200 3516 'Se
210 3469 230 3516 is
242 3469 352 3528 omitted,
366 3487 393 3520 as
404 3468 540 3532 frequently
551 3472 576 3522 ia
588 3471 697 3531 Curtius,
709 3471 771 3522 aster
780 3473 854 3522 verbs
863 3472 892 3522 os
898 3472 1034 3537 declsring.
