2322 3850
482 215 574 255 arara
593 215 632 255 rv.
969 201 1008 258 w

94 321 272 392 Aegyptique
295 322 460 376 Cleomenes.
504 324 545 376 Ex
564 326 685 380 finitimis
705 323 814 380 urbibus
834 326 1009 395 commigrare

95 391 288 446 Alexandriam
312 392 408 462 jussis,¹
428 411 522 448 novam
542 396 634 448 urbem
656 414 751 463 magna
771 397 941 451 multitudine
960 397 1009 452 iru-

113 462 190 514 levit.
229 461 313 515 Fama
326 475 372 532 est,
386 480 448 515 cum
467 481 513 517 rex
530 465 603 518 urbis
621 466 724 518 t'uturae
741 483 828 520 muros
839 466 968 590 pudente,
981 477 1010 520 ut

146 531 282 585 cedonum
294 550 352 585 mos
364 542 411 601 est,
425 534 603 603 ιιεειίιιιιιιεοι,2
615 537 704 588 avium
717 553 812 604 greges
822 554 839 588 a
860 536 969 606 volasse,
982 545 1009 590 et

96 601 206 670 polenta
222 619 283 654 esse
299 612 403 671 pastas:
422 619 537 672 cumque
556 605 581 657 id
600 623 678 658 omen
698 621 744 674 pro
762 606 825 659 tristi
843 623 860 660 a
877 606 1009 676 plerisque

96 681 169 724 esset
181 689 247 724 acce
268 681 332 740 tum,
346 675 511 742 respondisse
524 684 606 743 vates,
619 691 745 742 magnam
763 675 836 728 illam
855 676 948 730 urbem
964 675 1009 730 ad-

97 757 229 862 ιοιιιιῦιιιιι
242 689 417 844 depuentiam
426 744 565 813 culturam,
576 744 719 814 multisque
728 762 788 798 earn
798 745 872 800 terris
883 745 1009 800 alimenta

116 828 163 862 rae
184 821 288 863 ituram.

96 829 115 882 p
133 885 177 932 34.
195 882 304 951 Regem,
318 899 380 936 cum
400 883 515 936 secundo
533 884 615 936 amni⁴
627 883 764 952 deflueret,
776 885 883 953 assequi
901 886 1010 954 cupiens

98 950 205 1020 Hector,
230 951 412 1006 Parmenionis
435 952 512 1022 filius,
534 952 633 1006 eximio
655 955 753 1006 aetatis
775 953 847 1023 flore,
869 955 895 1008 in
919 955 1011 1024 paucis

97 1020 253 1074 Alexandro
283 1038 366 1090 carus,
392 1039 502 1091 parvum
532 1024 668 1092 navigium
697 1023 859 1090 conscendit,
883 1023 1027 1094 pluribus„

97 1106 181 1158 quarn
200 1107 296 1160 capere
314 1102 410 1170 posset,
430 1093 567 1160 impositis.
604 1093 697 1162 ltaque
717 1110 805 1146 mersa
824 1095 899 1146 navis
918 1109 1011 1148 omnes

96 1159 220 1214 destituit
230 1163 248 1213 :⁶
266 1161 369 1229 Hector,
382 1160 429 1214 dru
442 1162 544 1214 flumini
555 1162 714 1232 obluctatus,
727 1180 790 1216 oum
806 1163 919 1216 madens
930 1164 1011 1217 vestis

97 1239 125 1282 et
149 1230 270 1284 adstricti
300 1231 414 1301 crepidis
443 1232 526 1301 pedes
555 1243 646 1285 natare
676 1232 851 1302 prohiberent,
877 1233 903 1286 in
927 1234 1010 1302 ripam

98 1309 190 1352 tamen
215 1301 382 1354 semianimis
401 1302 493 1370 evasit,
515 1315 541 1354 et
561 1310 590 1356 ut
609 1303 725 1372 primurn
745 1303 871 1371 fatigatus
891 1302 1010 1372 spiritum

97 1369 207 1438 laxavit,
226 1388 309 1439 quern
330 1380 420 1424 metus
438 1386 467 1424 er
486 1371 635 1441 periculum
658 1372 826 1441 ιιιιειιιιοιιιι,ο
846 1372 918 1428 nullo
936 1371 1011 1442 adju·

97 1447 180 1492 vante
200 1441 312 1510 (qnippe
332 1441 358 1492 in
379 1441 515 1494 diversum
536 1450 674 1495 evaserant
692 1442 750 1513 alii)
770 1442 938 1498 exanimatus
961 1451 1009 1495 est.

97 1510 199 1562 Amissi
218 1509 277 1578 ejus
294 1509 425 1562 desiderio
438 1510 610 1566 vehementer
622 1512 738 1565 afflictus
750 1515 810 1582 est,⁷
823 1521 1011 1582 repertumque

97 1595 196 1648 corpus
220 1579 362 1648 magnifico
386 1580 481 1634 extulit
505 1581 606 1634 sunere.
650 1583 775 1636 Oneravit
799 1582 871 1636 hunc
893 1582 1010 1636 dolorem

97 1651 208 1702 nuntius
243 1650 336 1702 mortis
364 1649 552 1720 Andromachi,
582 1668 664 1720 quem
700 1651 864 1721 praefecerat
902 1651 1009 1722 Syriae:

96 1719 191 1772 vivum
209 1718 354 1772 Samaritae
377 1730 569 1774 cremaverant.
604 1720 647 1774 Ad
672 1721 749 1790 cujus
774 1722 909 1776 interitum
927 1720 1010 1776 vindi·

96 1788 224 1856 candum,
245 1797 344 1858 quanta
366 1790 486 1842 maxima
508 1790 646 1844 celeritate
670 1791 761 1860 potuit,
783 1791 941 1846 contendit:
965 1789 1011 1844 ed·

96 1858 272 1926 venientique
285 1865 345 1912 sunt
357 1858 445 1911 traditi
459 1861 524 1912 tanti
538 1860 648 1912 sceleris
658 1868 787 1912 auctores.
824 1859 1009 1914 Andromacho

96 1927 197 1980 deinde
218 1929 365 1982 Memnona
384 1928 525 1997 substituit,
540 1929 698 1998 affectisque
718 1927 855 1998 supplicio,
873 1931 918 1998 qui
937 1945 1011 1998 prac-

96 2009 183 2051 torem
202 1997 400 2067 interemerant,
421 2007 552 2068 tyrannos,
574 2000 642 2052 inter
662 1999 739 2067 ιιιιοο8
757 1999 1010 2068 Methymnaeorum

96 2068 277 2122 Aristonicum
298 2076 325 2120 et
346 2067 527 2137 chrysolaum,
541 2068 711 2137 popularibus
730 2068 785 2122 suis
805 2067 925 2120 tradidit:
944 2083 1011 2136 quos

96 2137 135 2190 illi
161 2138 197 2191 ob
224 2136 333 2207 injurias
359 2147 439 2190 tortos
463 2147 632 2191 necaverunt.
675 2137 880 2192 Atheniensium
903 2137 1009 2207 deinde,

94 2207 272 2260 Rhodiorum⁹
295 2215 322 2260 et
346 2206 470 2260 Chiorum
500 2207 601 2276 legatos
630 2208 712 2260 audit.
756 2206 935 2261 Athenienses
957 2207 1011 2262 vic·

94 2278 194 2330 teriam
206 2276 434 2345 ςιιιιιιιοιιιιιιιοι,10
446 2285 472 2330 et
484 2286 513 2330 ιιι
524 2293 555 2329 ca
576 2278 621 2330 tivi
639 2279 800 2331 Graecorum
816 2276 872 2330 suis
889 2276 1009 2332 restitue·

96 2357 194 2414 rentur,
218 2347 344 2399 orabant:
369 2345 464 2399 Rhodii
486 2357 513 2399 et
534 2296 592 2400 ellit
617 2347 651 2400 de
675 2346 806 2418 praesidio
843 2346 1009 2402 uerebantur.

93 2417 198 2472 Omnes
218 2431 306 2485 aequa
325 2415 478 2469 desiderare
499 2416 556 2486 visi,
577 2419 794 2487 impetraverunt.
870 2416 1010 2486 ityleoaais

123 2574 1008 2704 2urrunnun,urrunnunstrennuum,

94 2694 123 2742 ot
136 2693 201 2741 meal
218 2692 255 2742 ior
270 2693 319 2760 thre
335 2707 446 2753 purpose,
459 2703 500 2741 not
512 2703 538 2741 ιο
548 2710 562 2742 a
572 2711 620 2742 moa
632 2694 797 2751 Macedonum,
810 2695 854 2742 but
865 2703 891 2742 to
901 2709 932 2742 an
946 2709 1008 2742 accr-

95 2753 179 2802 dental
192 2764 256 2799 went
268 2752 292 2799 ol
308 2752 388 2800 challr.

126 2812 175 2860 ’ln
192 2812 254 2860 aiter
270 2827 339 2872 years
356 2811 504 2860 Alexandria
519 2812 629 2872 supplied
645 2813 723 2861 Rome
738 2812 798 2861 vvith
812 2825 871 2860 corn
881 2820 907 2860 ιο
917 2827 931 2862 ι
941 2822 1008 2874 great

95 2882 190 2920 exient.

125 2938 133 2958 ⁴
145 2931 175 2978 In
187 2931 237 2978 this
248 2931 397 2990 expression,
414 2930 498 2978 ‘down
509 2931 550 2979 the
561 2931 642 2987 river,'
654 2947 722 2978 once
732 2930 752 2978 is
762 2928 804 2977 the
818 2927 929 2992 ordinary
939 2929 1007 2980 form.

94 2993 180 3046 Anni,
194 2990 317 3045 however,
331 2989 382 3038 also
392 3005 484 3038 occurs.

126 3058 135 3081 ⁸
148 3055 154 3076 ‘
167 3049 224 3096 The
234 3049 273 3097 shi
300 3049 372 3105 sunk,
386 3048 432 3097 and
444 3049 485 3096 leit
497 3049 565 3097 them
576 3047 699 3107 helpless!

124 3115 133 3138 ί
148 3107 228 3156 ‘Fcar
236 3063 289 3156 and
294 3107 383 3176 danger
394 3108 453 3163 (that
462 3108 491 3162 is,
503 3109 543 3156 the
554 3107 604 3155 sear
612 3105 755 3156 occasioned
765 3107 798 3168 by
806 3106 844 3156 his
852 3107 950 3172 danger)
960 3110 1011 3160 had

95 3166 263 3216 overstrained
275 3167 312 3214 hrs
324 3167 401 3228 lungs’
415 3170 533 3230 (spiritur,
549 3165 673 3219 ‘breath’).

126 3231 133 3253 ³
146 3225 172 3274 N
175 3225 266 3284 amer,
281 3225 321 3272 the
333 3226 399 3286 king,
413 3225 561 3274 Alexander.

123 3291 132 3314 ¹
145 3285 186 3332 Το
198 3287 228 3332 be
240 3284 349 3332 resolved
360 3285 411 3331 into
422 3294 443 3331 et
454 3287 517 3332 inter
527 3302 571 3332 sos.

124 3337 283 3402 'Accohding
295 3353 319 3389 to
330 3343 370 3390 the
381 3342 441 3398 rule,
453 3343 521 3390 there
532 3341 608 3403 ought
619 3352 645 3392 to
655 3343 717 3393 have
727 3345 790 3394 been
800 3345 842 3395 thc
852 3345 1011 3406 conjunctiora

22 3401 24 3406 ’
96 3413 125 3452 ot.
159 3403 208 3450 Sec
221 3401 319 3460 Zumpt,
332 3401 346 3452 l
357 3403 419 3451 783?

126 3467 145 3490 ¹⁰
153 3460 296 3523 Regarding
307 3460 348 3508 the
358 3472 515 3522 govcrument
526 3460 564 3576 os„
558 3463 676 3524 gratulor,
688 3478 731 3512 sea
742 3463 840 3523 Zumpt,
852 3462 867 3515 l
877 3464 930 3520 629,
941 3470 1011 3512 ιιοιοι
