2278 3846
166 201 222 256 140
428 216 467 256 nn
491 216 598 256 essars
619 214 801 256 surranum.

161 339 192 374 ex
203 326 336 388 propinquo
351 322 479 386 pecuniam
492 324 623 386 Antipatro
634 323 838 384 subministraret,
848 329 944 386 quanta
956 323 1025 372 illum
1037 324 1072 372 in-

162 391 245 454 digere
267 390 425 454 cognovisset.
465 389 541 438 Probe
561 390 627 436 enim
647 396 808 451 perspexerat,
825 389 914 452 quanti
935 391 969 437 ad
990 389 1071 436 omnia

162 454 276 502 momenti
294 461 373 504 motus
391 455 460 503 istius
477 454 604 503 inclinatio
614 454 694 502 futura
711 460 945 518 essetquamquam
957 455 1071 516 deinceps

161 527 261 580 accepto
278 519 393 568 victoriae
414 520 499 568 nuntio
518 520 569 566 suis
588 519 700 581 operibus
718 520 744 567 id
764 521 896 568 discrimen
918 535 1071 581 comparens,

162 584 267 632 murium
290 601 345 632 eam
368 601 475 650 pugnam
495 584 574 636 titisse,
591 585 717 633 cavillatus
736 591 779 632 est
811 585 929 633 Ceterum
949 585 1070 647 principia

161 649 214 712 ejus
222 650 279 698 belli
290 651 355 699 hand
366 651 514 713 improspere
522 649 724 698 Lacedaemoniis
733 650 808 698 fuere.
831 649 847 698 J
849 656 907 698 unta
915 650 1070 714 Corrhagum

161 713 322 764 Macedoniae
339 716 466 766 castellum
483 730 539 762 cum
554 714 677 777 Antipatri
695 715 812 764 militibus
829 714 957 780 congressi
970 715 1070 762 victores

161 779 305 828 extiterant:
322 787 347 828 et
358 780 394 829 rei
407 783 467 830 bene
484 787 570 843 gestae
582 779 649 828 lame
659 780 734 828 etiarn
745 781 788 842 qui
805 781 932 842 suspensis
949 781 1071 828 mentibus

162 843 283 893 tartunam
295 851 470 908 spectaverant,
479 845 505 896 in
513 845 655 894 societatem
666 860 750 893 eorum
761 846 875 906 pertracti
887 853 953 894 sunt.
981 845 1071 893 Unaex

162 907 228 957 Heia
239 909 393 974 Achaeisque
404 911 505 959 urbibus
516 908 613 958 Pellene
623 910 706 958 foedus
717 912 907 972 aspemabatur3
920 918 947 959 et
958 911 986 958 in
997 913 1071 960 Arca·

162 975 203 1022 dia
219 974 386 1040 Megalopolis,
404 976 452 1026 lida
469 975 644 1023 Macedonibus
661 976 692 1023 ob
708 974 813 1038 Philippi
833 976 990 1034 memoriam,
1001 993 1017 1024 a
1027 993 1071 1038 quo

163 1041 287 1088 beneficiis
298 1041 386 1090 affecta
398 1041 483 1090 suerat.
516 1040 563 1088 Sed
574 1040 637 1088 haec
653 1047 706 1088 arte
723 1041 884 1089 circumsessa
901 1041 970 1089 haud
988 1042 1071 1103 procul

162 1105 283 1153 deditione
294 1108 384 1165 aberat,
395 1106 444 1154 nisi
457 1106 556 1154 tandem
568 1106 696 1167 Antipater
707 1105 864 1154 subvenisset.
898 1105 925 1154 Is
943 1113 1070 1168 postquam

162 1177 240 1218 metra
251 1171 337 1220 cauria
348 1171 457 1231 contulit,
468 1187 541 1233 seque
552 1185 654 1218 numero
665 1171 772 1220 militum
789 1171 884 1233 alioque
901 1179 1026 1234 apparatu
1035 1188 1071 1219 su·

161 1237 279 1297 perierem
291 1237 420 1298 conspexit,
430 1236 611 1299 quamprimum
623 1237 761 1284 desummo
772 1252 851 1284 rerum
868 1237 962 1298 proelio
973 1242 1071 1284 conten-

162 1301 218 1349 dere
238 1300 339 1349 statuit:
364 1317 440 1364 neque
463 1301 654 1350 Lacedaemonii
676 1301 839 1350 detrectavere
862 1307 998 1350 certamen.
1033 1301 1071 1349 Ita

161 1367 292 1415 eornmissa
309 1372 347 1414 est
367 1381 455 1429 pugna,
471 1381 533 1429 quae
551 1383 602 1414 rem
622 1366 767 1428 Spartanum
787 1367 905 1430 majorem
923 1365 951 1414 in
968 1367 1071 1414 modum

162 1430 255 1480 afflixit
278 1431 340 1478 Cum
350 1431 415 1478 euim
425 1431 545 1495 angustiis
554 1433 670 1489 locorum,
677 1431 703 1479 in
711 1431 797 1493 quibus
806 1433 967 1496 pugnabatur,
975 1431 1070 1489 conlisi,
1127 1466 1128 1469 ,

162 1497 203 1546 ubi
219 1496 284 1544 hosti
300 1496 394 1543 nullum
411 1496 573 1544 multitudinis
591 1513 661 1544 usum
678 1496 785 1544 futurum
803 1497 942 1554 credebant,
959 1497 1070 1544 animose

161 1561 285 1624 congressi
303 1566 392 1619 essent,
408 1576 485 1622 neque
505 1559 654 1610 Macedones
674 1561 779 1625 impigre
796 1561 947 1618 resisterent,
965 1557 1069 1610 multum

66 1636 75 1650 ‘
161 1626 289 1690 sanguinis
307 1625 387 1674 limum
403 1632 447 1673 est
479 1626 527 1674 Sed
544 1633 668 1690 postquam
680 1627 807 1689 Antipater
824 1627 948 1690 integram
966 1627 1070 1674 subinde

161 1707 261 1740 manum
272 1691 438 1739 laborantibus
449 1693 499 1740 snis
510 1693 618 1740 subsidio
629 1692 749 1750 mittebat,
762 1693 868 1754 impulsa
877 1691 1070 1740 Lacedaemoni·

160 1772 230 1804 orum
242 1757 307 1806 acies
319 1758 421 1820 gradum
434 1757 553 1820 paulisper
564 1757 652 1805 retudit
685 1756 756 1813 Quod
768 1757 922 1820 conspicatus
932 1757 1004 1821 Agis,
1013 1773 1069 1806 curn

161 1821 258 1870 cohorte
270 1823 348 1888 regia,
359 1839 420 1886 quae
431 1838 462 1872 ex
472 1822 609 1872 fortissimis
621 1825 755 1882 constabat,
767 1838 793 1871 se
803 1823 830 1871 in
842 1823 964 1887 medium]

163 1969 186 2016 1.
217 1965 234 1998 *
270 1965 287 1998 *
323 1965 341 2000 ⁴*
376 1979 480 2034 pugnae
492 1963 633 2016 discrimen
651 1962 780 2032 immisit‚¹
791 1961 1011 2032 obtruncatisque
1024 1963 1069 2030 qui

160 2033 304 2102 promptius
327 2033 491 2103 resistebant,
516 2049 640 2101 magnam
668 2041 769 2101 partem
799 2032 915 2084 hostium
945 2035 1067 2102 propulit.

159 2103 305 2172 Coeperant
329 2103 420 2170 lugere
443 2103 561 2170 victores,
585 2111 612 2154 et
635 2101 720 2155 donec
743 2100 847 2154 aridius
871 2111 1017 2170 sequentes
1041 2104 1067 2155 in

159 2170 267 2239 planum
280 2170 422 2240 deduxere,
436 2171 512 2224 inulti
530 2171 674 2224 cadebant:
695 2170 742 2227 sed
761 2179 790 2224 ut
808 2172 924 2240 primum
942 2171 1027 2240 locus,
1042 2173 1066 2224 in

159 2255 211 2307 quo
229 2248 297 2291 stare
315 2249 429 2308 possent,
443 2239 499 2310 luit,
512 2241 605 2311 aequis
617 2241 716 2294 viribus
733 2241 890 2294 dimicatum
908 2249 960 2293 est.
997 2242 1068 2294 Inter

158 2323 252 2359 ornnes
276 2315 365 2359 tamen
388 2309 613 2362 Lacedaemonios
633 2328 678 2364 rer
698 2311 839 2376 eminebat,
860 2325 912 2362 non
933 2326 1067 2362 armorum

159 2375 236 2426 modo
256 2383 282 2427 et
300 2377 414 2445 corporis
432 2379 528 2445 specie,
542 2379 590 2433 sed
609 2381 690 2433 etiam
707 2378 891 2448 magnitudine
909 2380 1004 2449 animi,
1016 2395 1066 2449 quc

159 2459 210 2495 nno
222 2443 291 2496 vinci
309 2460 360 2496 non
378 2446 469 2515 potuit.
506 2446 627 2516 Undique
647 2465 716 2501 nunc
733 2447 890 2518 comminus,
910 2466 983 2502 nunc
1001 2449 1066 2501 emi·

158 2513 218 2565 uus²
235 2511 380 2591 petebatur,
397 2513 499 2585 diuque
518 2532 593 2568 arma
610 2516 806 2586 circumferens,
826 2517 878 2570 alia
898 2519 954 2570 tela
972 2519 1066 2588 clypeo

159 2583 313 2652 excipiebat,
332 2585 450 2653 corpure⁸
469 2585 523 2638 alia
540 2584 655 2638 vitabat:
677 2586 762 2640 donee
785 2585 861 2639 hasta
881 2586 985 2640 femina
1008 2604 1065 2657 per·

187 2738 260 2787 ¹The
276 2739 406 2802 beginning
418 2738 447 2788 ol
459 2741 499 2788 the
511 2741 576 2788 sixth
592 2741 658 2790 book
673 2741 694 2789 is
709 2741 765 2790 lost.
797 2741 906 2800 Curtius,
919 2759 947 2792 as
964 2743 996 2792 he
1012 2745 1065 2793 iuti·
1102 2777 1104 2784 ·

158 2799 238 2848 mated
249 2798 325 2848 attha
336 2810 543 2848 commencement
554 2799 582 2848 of
589 2799 630 2848 the
640 2799 703 2855 fifth,
716 2801 764 2848 had
774 2801 884 2849 narrated
901 2801 960 2850 here
976 2803 1011 2851 all
1026 2805 1066 2852 the

157 2872 242 2907 events
253 2857 281 2905 of
288 2859 433 2918 importunae
443 2859 521 2907 which
533 2859 646 2909 occurred
656 2861 681 2906 in
691 2859 757 2908 Euro
774 2859 857 2908 elram
868 2860 910 2908 the
921 2862 982 2908 time
991 2862 1020 2910 oi
1026 2863 1065 2911 the

156 2917 232 2964 battle
244 2928 268 2964 at
281 2919 373 2966 Arbele
388 2919 424 2966 till
440 2919 481 2966 the
493 2918 564 2967 death
576 2918 604 2966 oi
618 2917 712 2966 Darius.
769 2935 782 2966 e
798 2919 841 2966 has
858 2921 920 2966 been
935 2920 1021 2981 giving
1036 2937 1065 2969 an
1131 2919 1132 2928 ’

157 2986 257 3042 account
266 2976 294 3023 ol
300 2978 339 3024 the
351 2993 400 3026 war
409 2977 497 3033 which,
508 2979 533 3024 in
544 2978 583 3024 the
595 2993 652 3037 year
662 2992 708 3025 rac.
718 2981 769 3034 331,
779 2978 850 3038 Agis,
862 2978 920 3038 king
931 2979 961 3026 of
969 2979 1063 3038 Sparta,
1130 2977 1132 3016 l

157 3049 182 3080 m
192 3035 345 3092 conjunction
357 3037 416 3084 with
427 3037 519 3085 several
530 3037 558 3084 of
570 3037 610 3084 the
628 3037 819 3096 Peloponnesian
829 3047 915 3093 states,
927 3038 1065 3087 undertook

156 3093 250 3152 against
262 3093 301 3140 the
319 3095 478 3144 Macedonian
493 3106 649 3157 govemment
660 3097 808 3156 (Antipater,
821 3096 988 3145 Alexander's
1000 3097 1063 3146 vice·

156 3157 216 3210 roy).
248 3149 302 3197 The
313 3152 365 3200 first
376 3155 422 3202 cha
439 3165 483 3211 ter,
497 3171 523 3203 as
535 3169 572 3202 we
588 3154 649 3202 have
665 3156 692 3212 it,
705 3170 858 3205 commences
875 3156 899 3202 in
915 3157 957 3204 the
974 3157 1063 3206 middle

156 3209 185 3258 of
192 3208 413 3277 thefldescriptiono
438 3213 478 3260 the
490 3213 564 3261 battle
576 3212 615 3261 sou
634 3214 659 3262 ht
671 3229 728 3262 near
739 3215 898 3276 Megalopolis
909 3214 935 3262 in
945 3215 1061 3274 Arcadia,

157 3271 182 3318 in
193 3267 408 3386 qhiqupcgqseuus
418 3270 529 3320 defeated
543 3271 591 3320 and
606 3229 675 3320 sinin.
706 3273 761 3322 Tha
777 3275 873 3334 subject
888 3274 915 3322 ol
927 3277 1027 3326 immisit
1042 3276 1063 3324 is

154 3385 441 3434 'ffiwmmffiffi

185 3445 195 3471 ³
207 3442 259 3501 ‘By
269 3443 308 3492 his
319 3443 405 3504 body3'
418 3444 470 3492 that
481 3446 510 3503 is,
526 3448 574 3506 ‘by
584 3462 598 3494 a
608 3459 746 3498 morament
757 3450 785 3498 ol
796 3449 834 3499 his
845 3450 927 3512 body!
