2278 3846
474 245 565 284 araon
586 245 625 284 vr.
945 229 998 281 loa

91 351 162 405 tium
173 350 249 404 mala
261 351 408 423 impulerat.
437 352 506 406 Hinc
518 353 623 422 saepius
634 361 800 421 comparatae
811 351 838 406 in
850 363 927 422 caput
941 350 999 420 ejus

90 420 216 488 insidiae,
230 422 345 474 secessio
363 421 484 490 militum,
504 432 530 473 et
548 421 652 473 liberior
670 421 736 474 inter
754 431 859 474 mutuas
876 421 998 489 querelas

90 489 175 559 dolor,
188 489 273 560 ipsius
284 489 379 542 deinde
393 507 461 542 nunc
473 492 518 558 ira,
530 507 599 542 nunc
611 491 780 560 suspiciones,
788 507 855 561 quas
866 490 997 543 excitabat

91 557 261 612 inconsultus
278 577 365 628 pavor,
382 569 522 629 ceteraque
542 559 583 612 his
600 559 706 630 similia,
719 577 788 629 quae
799 559 897 612 deinde
908 557 997 610 diceu-

92 630 156 682 tur.¹
661 641 662 648 ¹

128 702 154 750 5.
173 697 257 765 igitur
269 713 331 750 cum
344 697 537 766 intempestivis
549 697 674 750 conviviis
685 696 744 749 dies
752 696 848 766 pariter
855 705 997 764 noctesque

91 775 273 837 consumeret,
299 767 449 819 satietatem
472 769 611 836 epularum
637 764 707 819 ludis
732 764 922 834 interpellabat,
947 783 997 816 non

92 843 236 888 contentus
247 835 387 904 artificum,
400 853 492 904 quase
506 837 618 888 Graecia
636 837 778 903 exciverat,
792 833 883 888 turba:
902 835 998 902 quippe
1076 845 1083 857 '

92 904 219 974 captivae
237 903 396 973 jubebantur
408 921 454 956 suo
467 906 516 958 ritu
528 921 630 972 canere,
644 903 808 958 inconditum
819 911 846 955 et
857 901 998 956 abhorrens

92 973 241 1042 peregrinis
252 973 361 1026 auribus
373 975 499 1026 carmen.2
534 975 603 1026 inter
620 991 687 1044 quas
703 989 785 1028 unam
802 989 848 1026 rex
866 971 922 1041 ipse
939 989 998 1023 con·

93 1043 183 1111 spexit
195 1041 366 1096 maestiorem
378 1059 458 1112 quam
472 1053 581 1112 ceteras,
594 1053 621 1096 et
633 1041 838 1114 producentibus
853 1057 914 1093 eam
926 1057 997 1092 vere·

92 1110 183 1164 eunde
196 1111 379 1164 reluctantem.
416 1113 557 1166 Excellens
575 1123 630 1165 erat
648 1113 740 1182 forma,
753 1119 780 1164 et
792 1111 904 1164 formam
916 1110 999 1178 pudor

93 1179 269 1234 honestabat:
291 1179 403 1250 dejectis
424 1182 450 1234 in
470 1189 567 1235 terram
586 1181 679 1249 oculis,
695 1189 730 1246 et,
748 1189 876 1251 quantum
894 1177 997 1246 licebat,

93 1267 140 1303 ore
153 1248 250 1320 velato,
264 1251 440 1319 suspicionem
458 1251 580 1319 praebuit
595 1253 657 1320 regi,
671 1249 828 1303 nobiliorem
840 1265 906 1316 esse,
920 1265 998 1316 quarn

94 1328 124 1372 ut
138 1321 209 1372 inter
222 1318 383 1372 conviviales
395 1319 480 1372 ludos⁸
492 1319 608 1386 deberet,
622 1319 734 1372 ostendi.
753 1316 823 1388 Ergo
835 1319 998 1386 interrogata,

94 1405 231 1458 quaenam
254 1389 353 1441 essetf·
368 1388 480 1456 neptim⁴
504 1405 532 1440 se
552 1389 625 1457 Ochi,
646 1389 692 1458 qui
715 1405 799 1459 nuper
818 1394 953 1457 regnasset
973 1388 998 1438 in

96 1458 193 1528 Persis,
207 1457 260 1510 filio
273 1457 331 1528 ejus
348 1458 467 1524 genitam
485 1475 552 1526 esse,
566 1459 714 1527 respondit,
732 1475 842 1512 uxorem
861 1457 999 1534 Hystaspis
1089 1518 1090 1521 Ἴ

94 1527 187 1578 fuisse.
224 1527 387 1595 Propinquus
398 1525 442 1578 hic
455 1528 531 1579 Darei
544 1527 635 1596 fuerat,
649 1528 738 1596 magni
756 1538 782 1581 et
800 1527 856 1597 ipse
868 1535 1000 1579 exercitus

94 1605 208 1665 praetor.
253 1595 348 1648 Adhuc
372 1596 399 1648 in
422 1596 510 1648 animo
534 1598 602 1665 regis
630 1607 725 1650 tenues
750 1595 875 1666 reliquiae
899 1593 1000 1674 pristini

95 1666 180 1718 moris
199 1663 353 1716 haerebant.
389 1664 480 1732 Itaque
500 1663 631 1718 fortunam
651 1665 724 1733 regia
746 1666 827 1734 stirpe
847 1673 952 1734 genitae
973 1673 999 1714 et

96 1743 153 1786 tarn
179 1733 285 1786 celebre
309 1750 404 1786 nomen
426 1733 560 1806 reveritus,
580 1752 630 1786 non
648 1734 736 1787 dimiti
758 1734 836 1787 modo
858 1734 998 1803 captivam,

94 1803 144 1856 sed
156 1803 240 1857 etiam
252 1803 354 1856 restitui
366 1803 393 1854 ei
412 1820 473 1855 suas
492 1821 556 1872 opes
573 1803 659 1872 jussit,
672 1805 758 1856 virum
777 1819 883 1872 quoque
895 1801 998 1870 requiri,

93 1880 123 1926 ut
137 1881 241 1941 reperto
253 1870 393 1941 conjugem
407 1871 536 1924 redderet.
573 1873 677 1924 Postero
696 1880 787 1924 autem
806 1871 850 1923 die
866 1871 999 1940 praecepit

92 1941 293 2012 Hephaestioni,
308 1949 336 1993 ut
355 1957 447 1994 omnes
466 1943 584 2010 captivos
605 1942 631 1993 in
651 1940 751 2008 regiam
771 1940 875 2009 juberet
894 1938 999 1991 adduci.

92 2011 134 2066 lbi
153 2009 318 2078 singolorum
338 2009 474 2063 nobilitate
496 2019 621 2080 spectata,
635 2010 748 2062 secrevit
760 2025 777 2060 a
789 2008 876 2077 vulgo,
888 2025 998 2077 quorum

93 2079 232 2133 eminebat
243 2096 337 2146 genus.
372 2078 450 2132 Mille
470 2079 496 2132 hi
517 2079 637 2132 fuerunt:
657 2080 723 2131 inter
741 2095 807 2149 quos
824 2087 941 2146 repertus
959 2087 1000 2129 est

91 2149 233 2218 Oxathres,
246 2149 324 2202 Darei
337 2148 423 2216 frater,
437 2165 487 2202 non
507 2149 576 2202 illius
593 2147 702 2218 fortuna,
715 2165 797 2219 quam
814 2145 901 2200 indole
916 2147 1000 2199 animi

92 2220 134 2272 sui
154 2218 255 2271 clarior.
292 2217 345 2270 Sex
362 2227 389 2270 et
407 2217 500 2285 viginti
521 2217 596 2270 milia
614 2218 745 2271 talentum
765 2218 885 2286 proxima
903 2215 1000 2286 praeda

92 2288 203 2342 redacta
224 2295 313 2340 erant:
334 2286 395 2355 quis
413 2287 594 2340 e⁶duodecim
612 2287 687 2340 milia
706 2288 733 2339 in
752 2286 913 2354 congiarium
932 2286 999 2338 mili-

121 2407 128 2428 ¹
141 2399 243 2447 Curtius
254 2399 381 2446 attributes
393 2399 433 2446 the
444 2398 579 2447 discontent
588 2399 616 2446 of
623 2399 663 2447 the
674 2399 845 2447 Macedoniam
855 2399 913 2447 with
922 2399 998 2448 Alex-

91 2459 167 2507 ander
186 2469 211 2506 to
227 2458 267 2506 the
278 2457 405 2505 alteration
420 2458 448 2505 of
459 2458 496 2506 his
512 2474 630 2506 manners.
662 2458 723 2507 This
739 2458 797 2507 does
813 2469 864 2514 not,
877 2458 998 2515 however,

92 2517 264 2576 satisfactorily
275 2527 376 2564 account
387 2515 422 2564 for
432 2517 472 2565 the
484 2527 546 2565 state
558 2518 586 2566 of
597 2527 704 2566 matters.
736 2518 818 2566 There
830 2533 880 2566 was
895 2517 953 2567 fault
968 2534 999 2566 on

92 2577 151 2626 both
163 2577 243 2624 sides:
261 2591 293 2623 on
308 2574 478 2632 Alexander’s,
491 2576 617 2625 insatiable
633 2577 757 2633 ambition‚
769 2577 850 2626 which
866 2577 999 2626 demanded

91 2635 119 2683 of
130 2635 170 2683 bis
182 2635 302 2682 followers
314 2635 461 2682 unheard-of
467 2637 602 2703 exertions3
615 2636 661 2684 and
672 2652 703 2684 on
714 2636 755 2684 the
766 2646 818 2696 part
830 2635 857 2683 of
864 2637 904 2683 the
916 2635 997 2684 Mace-

91 2695 202 2763 donians,
216 2709 391 2762 anarrowness
401 2693 429 2740 of
440 2694 515 2751 mind,
528 2695 608 2744 which
619 2695 742 2765 couldnot
753 2711 824 2756 grasp
835 2695 877 2742 the
888 2694 946 2755 high
957 2695 997 2762 de·

91 2753 308 2860 mauritil?
324 2752 554 2860 lltllltttl
567 2753 997 2864 tltttt'ttlttlttttttrltt.

90 2828 171 2978 {labe
204 2870 258 2918 Had
270 2827 333 2938 thiu
343 2827 480 2919 ideaspbeen
495 2872 607 2922 followed
618 2883 668 2930 out,
682 2873 712 2921 he
724 2871 803 2919 would
814 2870 875 2917 have
886 2871 998 2919 returned

107 2945 173 2985 ome,
192 2929 263 2998 ladcn
282 2929 341 2976 wrth
360 2929 401 2976 the
419 2932 493 2999 booty
509 2931 536 2980 of
549 2933 619 2988 Asia,
637 2931 683 2980 and
699 2931 759 2978 have
775 2931 845 2985 been,
863 2943 889 2977 as
906 2928 995 2986 before,

91 2987 259 3116 mfr‘hhyskdrlgg,
266 2988 407 3116 otlrhllgllcldli,0
408 3003 462 3096 1lalfrd
477 3049 595 3098 ill-suited
611 3049 647 3098 sor
661 3047 719 3116 fore'
737 3061 752 3094 n
768 3046 838 3095 aare!
869 3047 997 3118 Abhorrerc

89 3122 110 3154 rs
121 3106 221 3166 usually
231 3106 359 3154 construed
370 3107 428 3154 wrtlr
439 3111 475 3164 ab,
488 3124 546 3169 very
557 3107 635 3168 rarely
645 3105 703 3154 wrth
714 3116 723 3152 t
741 3121 754 3154 e
765 3121 831 3156 mere
842 3107 958 3165 ablatrve;
972 3123 996 3155 rn

90 3166 163 3226 Livy,
177 3165 202 3212 ii.
216 3169 251 3220 14,
263 3165 323 3213 with
335 3165 375 3212 the
386 3166 473 3214 dative.
505 3167 527 3214 It
544 3181 600 3226 may
611 3169 641 3214 be
657 3165 774 3222 doubtful,
788 3165 915 3224 therefore,
931 3166 995 3214 what

88 3241 145 3332 aaz
156 3227 255 3272 aarum
266 3224 294 3330 ils.
327 3225 350 3272 Α
361 3241 462 3285 passage
474 3225 497 3294 in
509 3226 590 3294 vi325,
603 3227 706 3272 animum
719 3233 785 3294 tanto
793 3225 903 3288 facinore
915 3228 996 3289 procul

117 3283 773 3403 ·rtt‘t't’.ttl⁵.lti⁰.t⁰ttlt,¹littlttlltlt

116 3399 243 3460 ⁴Usually
253 3410 350 3462 neptem.
382 3401 429 3448 See
442 3401 538 3462 Zumpt,
552 3402 611 3458 toa,
625 3421 644 3460 c,
658 3415 721 3452 note.

118 3459 185 3508 utor
195 3478 208 3508 c
217 3461 314 3522 quoium
326 3476 342 3509 a
351 3460 492 3512 collocation
503 3463 606 3512 unusual
616 3463 642 3512 in
649 3479 727 3524 prose.
754 3464 801 3513 See
812 3464 909 3525 Zumpt,
918 3463 982 3516 §³2⁴
