<?xml version="1.0" encoding="UTF-8"?>
<!DOCTYPE html PUBLIC "-//W3C//DTD XHTML 1.0 Transitional//EN"
    "http://www.w3.org/TR/xhtml1/DTD/xhtml1-transitional.dtd">
<html xmlns="http://www.w3.org/1999/xhtml" xml:lang="en" lang="en">
 <head>
  <title>
</title>
<meta http-equiv="Content-Type" content="text/html;charset=utf-8" />
  <meta name='ocr-system' content='tesseract 3.04.00' />
  <meta name='ocr-capabilities' content='ocr_page ocr_carea ocr_par ocr_line ocrx_word'/>
</head>
<body>
  <div class='ocr_page' id='page_1' title='image "./qcurtiirufidege02rufugoog_0097.png"; bbox 0 0 2278 3846; ppageno 0'>
   <div class='ocr_carea' id='block_1_1' title="bbox 479 215 1011 274">
    <p class='ocr_par' dir='ltr' id='par_1_1' title="bbox 479 215 1011 274">
     <span class='ocr_line' id='line_1_1' title="bbox 479 215 1011 274; baseline 0.008 -4"><span class='ocrx_word' id='word_1_1' title='bbox 479 227 572 270; x_wconf 81' lang='lat' dir='ltr'>mssa</span> <span class='ocrx_word' id='word_1_2' title='bbox 591 229 632 272; x_wconf 87' lang='lat' dir='ltr'>rr.</span> <span class='ocrx_word' id='word_1_3' title='bbox 971 215 1011 274; x_wconf 79' lang='grc'>87</span> 
     </span>
    </p>
   </div>
   <div class='ocr_carea' id='block_1_2' title="bbox 3 336 1013 1322">
    <p class='ocr_par' dir='ltr' id='par_1_2' title="bbox 3 336 1013 1244">
     <span class='ocr_line' id='line_1_2' title="bbox 94 336 1010 410; baseline -0.002 -14"><span class='ocrx_word' id='word_1_4' title='bbox 94 339 201 396; x_wconf 79' lang='lat' dir='ltr'>Deinde</span> <span class='ocrx_word' id='word_1_5' title='bbox 215 347 320 392; x_wconf 81' lang='lat' dir='ltr'>tantrun</span> <span class='ocrx_word' id='word_1_6' title='bbox 331 336 530 394; x_wconf 81' lang='lat' dir='ltr'><strong>multitudinem</strong></span> <span class='ocrx_word' id='word_1_7' title='bbox 541 337 719 394; x_wconf 73' lang='lat' dir='ltr'>circumfundi</span> <span class='ocrx_word' id='word_1_8' title='bbox 735 337 905 410; x_wconf 67' lang='lat' dir='ltr'><strong>paucioribus</strong></span> <span class='ocrx_word' id='word_1_9' title='bbox 922 353 1010 410; x_wconf 83' lang='lat' dir='ltr'>pesse.</span> 
     </span>
     <span class='ocr_line' id='line_1_3' title="bbox 94 407 1012 480; baseline -0.004 -14"><span class='ocrx_word' id='word_1_10' title='bbox 94 412 155 466; x_wconf 92' lang='lat' dir='ltr'>Non</span> <span class='ocrx_word' id='word_1_11' title='bbox 171 409 200 463; x_wconf 92' lang='lat' dir='ltr'>in</span> <span class='ocrx_word' id='word_1_12' title='bbox 213 408 326 466; x_wconf 87' lang='lat' dir='ltr'>Ciliciae</span> <span class='ocrx_word' id='word_1_13' title='bbox 337 409 470 476; x_wconf 86' lang='lat' dir='ltr'>angustiis</span> <span class='ocrx_word' id='word_1_14' title='bbox 487 417 514 460; x_wconf 90' lang='lat' dir='ltr'>et</span> <span class='ocrx_word' id='word_1_15' title='bbox 531 407 612 461; x_wconf 83' lang='lat' dir='ltr'>inviis</span> <span class='ocrx_word' id='word_1_16' title='bbox 629 407 748 480; x_wconf 83' lang='lat' dir='ltr'>callibus,</span> <span class='ocrx_word' id='word_1_17' title='bbox 763 408 810 461; x_wconf 87' lang='lat' dir='ltr'>sed</span> <span class='ocrx_word' id='word_1_18' title='bbox 829 409 856 462; x_wconf 92' lang='lat' dir='ltr'>in</span> <span class='ocrx_word' id='word_1_19' title='bbox 873 420 966 480; x_wconf 89' lang='lat' dir='ltr'>aperta</span> <span class='ocrx_word' id='word_1_20' title='bbox 984 419 1012 463; x_wconf 93' lang='lat' dir='ltr'>et</span> 
     </span>
     <span class='ocr_line' id='line_1_4' title="bbox 51 475 1011 550; baseline -0.003 -15"><span class='ocrx_word' id='word_1_21' title='bbox 51 512 56 521; x_wconf 83' lang='lat'>.</span> <span class='ocrx_word' id='word_1_22' title='bbox 94 482 150 535; x_wconf 89' lang='lat' dir='ltr'>lata</span> <span class='ocrx_word' id='word_1_23' title='bbox 163 478 276 550; x_wconf 82' lang='lat' dir='ltr'>planitie</span> <span class='ocrx_word' id='word_1_24' title='bbox 289 478 426 531; x_wconf 90' lang='lat' dir='ltr'>dimicare.</span> <span class='ocrx_word' id='word_1_25' title='bbox 462 477 562 530; x_wconf 80' lang='lat' dir='ltr'>Omnes</span> <span class='ocrx_word' id='word_1_26' title='bbox 578 475 635 530; x_wconf 86' lang='lat' dir='ltr'>fere</span> <span class='ocrx_word' id='word_1_27' title='bbox 650 477 817 532; x_wconf 81' lang='lat' dir='ltr'>Parmenioni</span> <span class='ocrx_word' id='word_1_28' title='bbox 828 478 1011 532; x_wconf 84' lang='lat' dir='ltr'>assentieban-</span> 
     </span>
     <span class='ocr_line' id='line_1_5' title="bbox 95 546 1011 618; baseline 0 -14"><span class='ocrx_word' id='word_1_29' title='bbox 95 560 155 604; x_wconf 88' lang='lat' dir='ltr'>tur:</span> <span class='ocrx_word' id='word_1_30' title='bbox 176 547 345 618; x_wconf 83' lang='lat' dir='ltr'>Polypercon</span> <span class='ocrx_word' id='word_1_31' title='bbox 362 546 434 600; x_wconf 88' lang='lat' dir='ltr'>haud</span> <span class='ocrx_word' id='word_1_32' title='bbox 450 546 531 600; x_wconf 91' lang='lat' dir='ltr'>dubie</span> <span class='ocrx_word' id='word_1_33' title='bbox 545 547 571 599; x_wconf 93' lang='lat' dir='ltr'>in</span> <span class='ocrx_word' id='word_1_34' title='bbox 585 563 617 600; x_wconf 91' lang='lat' dir='ltr'>eo</span> <span class='ocrx_word' id='word_1_35' title='bbox 629 547 737 600; x_wconf 87' lang='lat' dir='ltr'>oonsilio</span> <span class='ocrx_word' id='word_1_36' title='bbox 748 548 861 617; x_wconf 78' lang='lat' dir='ltr'>positam</span> <span class='ocrx_word' id='word_1_37' title='bbox 873 547 1011 604; x_wconf 82' lang='lat' dir='ltr'>victoriam</span> 
     </span>
     <span class='ocr_line' id='line_1_6' title="bbox 95 616 1012 687; baseline 0 -15"><span class='ocrx_word' id='word_1_38' title='bbox 95 617 282 674; x_wconf 78' lang='lat' dir='ltr'>arbitrabatur.</span> <span class='ocrx_word' id='word_1_39' title='bbox 308 616 394 675; x_wconf 83' lang='lat' dir='ltr'>Quem</span> <span class='ocrx_word' id='word_1_40' title='bbox 404 617 511 669; x_wconf 86' lang='lat' dir='ltr'>intuens</span> <span class='ocrx_word' id='word_1_41' title='bbox 518 632 572 686; x_wconf 83' lang='lat' dir='ltr'>rer,</span> <span class='ocrx_word' id='word_1_42' title='bbox 581 632 699 687; x_wconf 89' lang='lat' dir='ltr'>namque</span> <span class='ocrx_word' id='word_1_43' title='bbox 707 616 917 687; x_wconf 75' lang='lat' dir='ltr'>Parmenionem,</span> <span class='ocrx_word' id='word_1_44' title='bbox 928 635 1012 686; x_wconf 84' lang='lat' dir='ltr'>nuper</span> 
     </span>
     <span class='ocr_line' id='line_1_7' title="bbox 96 686 1010 756; baseline -0.002 -14"><span class='ocrx_word' id='word_1_45' title='bbox 96 688 185 742; x_wconf 87' lang='lat' dir='ltr'>acrius</span> <span class='ocrx_word' id='word_1_46' title='bbox 197 703 280 756; x_wconf 91' lang='lat' dir='ltr'>quam</span> <span class='ocrx_word' id='word_1_47' title='bbox 294 686 385 738; x_wconf 85' lang='lat' dir='ltr'>vellet¹</span> <span class='ocrx_word' id='word_1_48' title='bbox 397 686 563 755; x_wconf 87' lang='lat' dir='ltr'>increpitum,</span> <span class='ocrx_word' id='word_1_49' title='bbox 576 701 666 738; x_wconf 89' lang='lat' dir='ltr'>rursus</span> <span class='ocrx_word' id='word_1_50' title='bbox 681 686 812 755; x_wconf 87' lang='lat' dir='ltr'>castigare</span> <span class='ocrx_word' id='word_1_51' title='bbox 830 703 881 741; x_wconf 94' lang='lat' dir='ltr'>non</span> <span class='ocrx_word' id='word_1_52' title='bbox 899 688 1010 740; x_wconf 90' lang='lat' dir='ltr'>sustine-</span> 
     </span>
     <span class='ocr_line' id='line_1_8' title="bbox 96 754 1013 878; baseline -0.003 -66"><span class='ocrx_word' id='word_1_53' title='bbox 96 757 152 828; x_wconf 89' lang='lat' dir='ltr'>bat,</span> <span class='ocrx_word' id='word_1_54' title='bbox 165 755 408 824; x_wconf 82' lang='lat' dir='ltr'>Letmnculorum,2</span> <span class='ocrx_word' id='word_1_55' title='bbox 420 755 511 824; x_wconf 87' lang='lat' dir='ltr'>inquit,</span> <span class='ocrx_word' id='word_1_56' title='bbox 525 763 553 808; x_wconf 91' lang='lat' dir='ltr'>et</span> <span class='ocrx_word' id='word_1_57' title='bbox 571 754 660 808; x_wconf 88' lang='lat' dir='ltr'>lumm</span> <span class='ocrx_word' id='word_1_58' title='bbox 678 755 728 808; x_wconf 86' lang='lat' dir='ltr'>ista</span> <span class='ocrx_word' id='word_1_59' title='bbox 743 755 857 808; x_wconf 88' lang='lat' dir='ltr'>sollertia</span> <span class='ocrx_word' id='word_1_60' title='bbox 868 764 917 823; x_wconf 90' lang='lat' dir='ltr'>est,</span> <span class='ocrx_word' id='word_1_61' title='bbox 930 773 1013 878; x_wconf 88' lang='lat' dir='ltr'>quarn</span> 
     </span>
     <span class='ocr_line' id='line_1_9' title="bbox 96 823 1011 896; baseline -0.001 -17"><span class='ocrx_word' id='word_1_62' title='bbox 96 825 251 896; x_wconf 89' lang='lat' dir='ltr'>praecipitis</span> <span class='ocrx_word' id='word_1_63' title='bbox 268 823 336 878; x_wconf 90' lang='lat' dir='ltr'>mihi</span> <span class='ocrx_word' id='word_1_64' title='bbox 346 841 353 893; x_wconf 79' lang='lat'>3</span> <span class='ocrx_word' id='word_1_65' title='bbox 374 828 473 894; x_wconf 91' lang='lat' dir='ltr'>quippe</span> <span class='ocrx_word' id='word_1_66' title='bbox 492 823 596 878; x_wconf 88' lang='lat' dir='ltr'>illomm</span> <span class='ocrx_word' id='word_1_67' title='bbox 614 832 706 878; x_wconf 83' lang='lat' dir='ltr'>votum</span> <span class='ocrx_word' id='word_1_68' title='bbox 724 824 832 879; x_wconf 86' lang='lat' dir='ltr'>unicum</span> <span class='ocrx_word' id='word_1_69' title='bbox 851 834 892 878; x_wconf 90' lang='lat' dir='ltr'>est</span> <span class='ocrx_word' id='word_1_70' title='bbox 908 824 935 878; x_wconf 89' lang='lat' dir='ltr'>la</span> <span class='ocrx_word' id='word_1_71' title='bbox 947 826 1011 878; x_wconf 87' lang='lat' dir='ltr'>lere.</span> 
     </span>
     <span class='ocr_line' id='line_1_10' title="bbox 96 893 1013 964; baseline -0.001 -15"><span class='ocrx_word' id='word_1_72' title='bbox 96 897 181 950; x_wconf 84' lang='lat' dir='ltr'>Meae</span> <span class='ocrx_word' id='word_1_73' title='bbox 194 911 257 948; x_wconf 89' lang='lat' dir='ltr'>vero</span> <span class='ocrx_word' id='word_1_74' title='bbox 269 894 369 964; x_wconf 88' lang='lat' dir='ltr'>gloriae</span> <span class='ocrx_word' id='word_1_75' title='bbox 382 909 489 963; x_wconf 82' lang='lat' dir='ltr'>semper</span> <span class='ocrx_word' id='word_1_76' title='bbox 500 903 546 948; x_wconf 90' lang='lat' dir='ltr'>aut</span> <span class='ocrx_word' id='word_1_77' title='bbox 557 893 707 947; x_wconf 79' lang='lat' dir='ltr'>absentium</span> <span class='ocrx_word' id='word_1_78' title='bbox 719 893 805 964; x_wconf 88' lang='lat' dir='ltr'>Darei,</span> <span class='ocrx_word' id='word_1_79' title='bbox 818 900 864 947; x_wconf 86' lang='lat' dir='ltr'>eut</span> <span class='ocrx_word' id='word_1_80' title='bbox 876 897 1013 964; x_wconf 85' lang='lat' dir='ltr'>augustias</span> 
     </span>
     <span class='ocr_line' id='line_1_11' title="bbox 96 963 1011 1034; baseline -0.003 -14"><span class='ocrx_word' id='word_1_81' title='bbox 96 965 226 1034; x_wconf 91' lang='lat' dir='ltr'>locorum,</span> <span class='ocrx_word' id='word_1_82' title='bbox 245 976 292 1018; x_wconf 92' lang='lat' dir='ltr'>aut</span> <span class='ocrx_word' id='word_1_83' title='bbox 310 963 412 1018; x_wconf 85' lang='lat' dir='ltr'>lurtum</span> <span class='ocrx_word' id='word_1_84' title='bbox 430 965 515 1016; x_wconf 89' lang='lat' dir='ltr'>noctis</span> <span class='ocrx_word' id='word_1_85' title='bbox 532 963 636 1016; x_wconf 90' lang='lat' dir='ltr'>obstare</span> <span class='ocrx_word' id='word_1_86' title='bbox 654 980 706 1017; x_wconf 91' lang='lat' dir='ltr'>uon</span> <span class='ocrx_word' id='word_1_87' title='bbox 723 963 824 1034; x_wconf 86' lang='lat' dir='ltr'>patiar:</span> <span class='ocrx_word' id='word_1_88' title='bbox 844 964 933 1034; x_wconf 85' lang='lat' dir='ltr'>pelam</span> <span class='ocrx_word' id='word_1_89' title='bbox 952 964 1011 1017; x_wconf 90' lang='lat' dir='ltr'>luce</span> 
     </span>
     <span class='ocr_line' id='line_1_12' title="bbox 96 1032 1012 1105; baseline -0.002 -17"><span class='ocrx_word' id='word_1_90' title='bbox 96 1033 209 1105; x_wconf 79' lang='lat' dir='ltr'>aggredi</span> <span class='ocrx_word' id='word_1_91' title='bbox 228 1042 333 1086; x_wconf 88' lang='lat' dir='ltr'>certum</span> <span class='ocrx_word' id='word_1_92' title='bbox 345 1042 402 1086; x_wconf 89' lang='lat' dir='ltr'>est:</span> <span class='ocrx_word' id='word_1_93' title='bbox 422 1032 491 1088; x_wconf 90' lang='lat' dir='ltr'>malo</span> <span class='ocrx_word' id='word_1_94' title='bbox 509 1049 553 1086; x_wconf 89' lang='lat' dir='ltr'>me</span> <span class='ocrx_word' id='word_1_95' title='bbox 572 1032 691 1087; x_wconf 90' lang='lat' dir='ltr'>fortunae</span> <span class='ocrx_word' id='word_1_96' title='bbox 709 1033 852 1104; x_wconf 90' lang='lat' dir='ltr'>poeniteat,</span> <span class='ocrx_word' id='word_1_97' title='bbox 884 1049 947 1087; x_wconf 89' lang='lat' dir='ltr'>uam</span> <span class='ocrx_word' id='word_1_98' title='bbox 958 1033 1012 1086; x_wconf 87' lang='lat' dir='ltr'>vic·</span> 
     </span>
     <span class='ocr_line' id='line_1_13' title="bbox 95 1050 1013 1173; baseline -0.002 -16"><span class='ocrx_word' id='word_1_99' title='bbox 95 1105 182 1158; x_wconf 85' lang='lat' dir='ltr'>toriae</span> <span class='ocrx_word' id='word_1_100' title='bbox 190 1103 317 1173; x_wconf 73' lang='lat' dir='ltr'>pudeat.³</span> <span class='ocrx_word' id='word_1_101' title='bbox 351 1103 394 1156; x_wconf 85' lang='lat' dir='ltr'>Ad</span> <span class='ocrx_word' id='word_1_102' title='bbox 407 1102 475 1156; x_wconf 85' lang='lat' dir='ltr'>baec</span> <span class='ocrx_word' id='word_1_103' title='bbox 487 1101 553 1156; x_wconf 93' lang='lat' dir='ltr'>illud</span> <span class='ocrx_word' id='word_1_104' title='bbox 565 1119 669 1172; x_wconf 90' lang='lat' dir='ltr'>quoque</span> <span class='ocrx_word' id='word_1_105' title='bbox 681 1102 801 1157; x_wconf 89' lang='lat' dir='ltr'>accedit:</span> <span class='ocrx_word' id='word_1_106' title='bbox 818 1050 922 1172; x_wconf 73' lang='lat' dir='ltr'>vigihas</span> <span class='ocrx_word' id='word_1_107' title='bbox 933 1118 1013 1172; x_wconf 83' lang='lat' dir='ltr'>agere</span> 
     </span>
     <span class='ocr_line' id='line_1_14' title="bbox 3 1171 1012 1244; baseline -0.002 -16"><span class='ocrx_word' id='word_1_108' title='bbox 3 1231 4 1234; x_wconf 60' lang='grc'>,</span> <span class='ocrx_word' id='word_1_109' title='bbox 96 1173 226 1228; x_wconf 86' lang='lat' dir='ltr'>barbaros</span> <span class='ocrx_word' id='word_1_110' title='bbox 238 1181 266 1226; x_wconf 89' lang='lat' dir='ltr'>et</span> <span class='ocrx_word' id='word_1_111' title='bbox 278 1172 306 1226; x_wconf 93' lang='lat' dir='ltr'>in</span> <span class='ocrx_word' id='word_1_112' title='bbox 317 1174 400 1226; x_wconf 88' lang='lat' dir='ltr'>armis</span> <span class='ocrx_word' id='word_1_113' title='bbox 413 1181 481 1226; x_wconf 86' lang='lat' dir='ltr'>stare</span> <span class='ocrx_word' id='word_1_114' title='bbox 502 1181 577 1225; x_wconf 88' lang='lat' dir='ltr'>utne</span> <span class='ocrx_word' id='word_1_115' title='bbox 590 1171 680 1241; x_wconf 82' lang='lat' dir='ltr'>decipi</span> <span class='ocrx_word' id='word_1_116' title='bbox 694 1171 804 1243; x_wconf 88' lang='lat' dir='ltr'>quidem</span> <span class='ocrx_word' id='word_1_117' title='bbox 820 1173 928 1244; x_wconf 88' lang='lat' dir='ltr'>possint,</span> <span class='ocrx_word' id='word_1_118' title='bbox 941 1189 1012 1226; x_wconf 88' lang='lat' dir='ltr'>com·</span> 
     </span>
    </p>

    <p class='ocr_par' dir='ltr' id='par_1_3' title="bbox 96 1211 1013 1322">
     <span class='ocr_line' id='line_1_15' title="bbox 96 1211 1013 1322; baseline -0.002 -26"><span class='ocrx_word' id='word_1_119' title='bbox 96 1251 205 1314; x_wconf 74' lang='lat' dir='ltr'>perium</span> <span class='ocrx_word' id='word_1_120' title='bbox 218 1242 313 1296; x_wconf 86' lang='lat' dir='ltr'>habeo.</span> <span class='ocrx_word' id='word_1_121' title='bbox 350 1241 390 1294; x_wconf 95' lang='lat' dir='ltr'>lta</span> <span class='ocrx_word' id='word_1_122' title='bbox 410 1259 443 1295; x_wconf 93' lang='lat' dir='ltr'>ue</span> <span class='ocrx_word' id='word_1_123' title='bbox 455 1211 490 1322; x_wconf 65' lang='lat' dir='ltr'>pti</span> <span class='ocrx_word' id='word_1_124' title='bbox 502 1241 631 1313; x_wconf 87' lang='lat' dir='ltr'>proelium</span> <span class='ocrx_word' id='word_1_125' title='bbox 644 1259 691 1296; x_wconf 84' lang='lat' dir='ltr'>vos</span> <span class='ocrx_word' id='word_1_126' title='bbox 702 1249 802 1314; x_wconf 78' lang='lat' dir='ltr'>parete.</span> <span class='ocrx_word' id='word_1_127' title='bbox 838 1241 881 1297; x_wconf 87' lang='lat' dir='ltr'>Sic</span> <span class='ocrx_word' id='word_1_128' title='bbox 892 1243 1013 1296; x_wconf 88' lang='lat' dir='ltr'>incitatos</span> 
     </span>
    </p>
   </div>
   <div class='ocr_carea' id='block_1_3' title="bbox 96 1259 506 1366">
    <p class='ocr_par' dir='ltr' id='par_1_4' title="bbox 96 1259 506 1366">
     <span class='ocr_line' id='line_1_16' title="bbox 96 1259 506 1366; baseline -0.005 0"><span class='ocrx_word' id='word_1_129' title='bbox 96 1313 131 1366; x_wconf 83' lang='lat' dir='ltr'>ad</span> <span class='ocrx_word' id='word_1_130' title='bbox 145 1329 178 1364; x_wconf 91' lang='lat' dir='ltr'>co</span> <span class='ocrx_word' id='word_1_131' title='bbox 227 1328 255 1366; x_wconf 89' lang='lat' dir='ltr'>ra</span> <span class='ocrx_word' id='word_1_132' title='bbox 266 1311 384 1365; x_wconf 90' lang='lat' dir='ltr'>curanda</span> <span class='ocrx_word' id='word_1_133' title='bbox 391 1259 506 1365; x_wconf 68' lang='lat' dir='ltr'>himrsrt.</span> 
     </span>
    </p>
   </div>
   <div class='ocr_carea' id='block_1_4' title="bbox 132 1379 1104 1452">
    <p class='ocr_par' dir='ltr' id='par_1_5' title="bbox 132 1379 1104 1452">
     <span class='ocr_line' id='line_1_17' title="bbox 132 1379 1104 1452; baseline 0 -16"><span class='ocrx_word' id='word_1_134' title='bbox 132 1386 178 1436; x_wconf 83' lang='grc'>48.</span> <span class='ocrx_word' id='word_1_135' title='bbox 241 1397 301 1434; x_wconf 90' lang='lat' dir='ltr'>reus</span> <span class='ocrx_word' id='word_1_136' title='bbox 320 1380 355 1452; x_wconf 93' lang='lat' dir='ltr'>id,</span> <span class='ocrx_word' id='word_1_137' title='bbox 370 1381 440 1452; x_wconf 91' lang='lat' dir='ltr'>quod</span> <span class='ocrx_word' id='word_1_138' title='bbox 460 1379 599 1435; x_wconf 80' lang='lat' dir='ltr'>Parmenio</span> <span class='ocrx_word' id='word_1_139' title='bbox 617 1388 742 1452; x_wconf 87' lang='lat' dir='ltr'>suaserat,</span> <span class='ocrx_word' id='word_1_140' title='bbox 755 1379 862 1436; x_wconf 84' lang='lat' dir='ltr'>hostem</span> <span class='ocrx_word' id='word_1_141' title='bbox 878 1380 1013 1436; x_wconf 81' lang='lat' dir='ltr'>facturum</span> <span class='ocrx_word' id='word_1_142' title='bbox 1102 1401 1104 1406; x_wconf 94' lang='lat'>·</span> 
     </span>
    </p>
   </div>
   <div class='ocr_carea' id='block_1_5' title="bbox 94 1449 1076 1878">
    <p class='ocr_par' dir='ltr' id='par_1_6' title="bbox 96 1449 1050 1531">
     <span class='ocr_line' id='line_1_18' title="bbox 96 1449 1050 1531; baseline 0 -27"><span class='ocrx_word' id='word_1_143' title='bbox 96 1468 160 1507; x_wconf 86' lang='lat' dir='ltr'>esse</span> <span class='ocrx_word' id='word_1_144' title='bbox 179 1449 341 1531; x_wconf 83' lang='lat' dir='ltr'>conjectans,</span> <span class='ocrx_word' id='word_1_145' title='bbox 355 1451 471 1506; x_wconf 80' lang='lat' dir='ltr'>frenatos</span> <span class='ocrx_word' id='word_1_146' title='bbox 488 1465 572 1520; x_wconf 90' lang='lat' dir='ltr'>equos</span> <span class='ocrx_word' id='word_1_147' title='bbox 589 1459 667 1519; x_wconf 89' lang='lat' dir='ltr'>stare,</span> <span class='ocrx_word' id='word_1_148' title='bbox 684 1467 862 1522; x_wconf 84' lang='lat' dir='ltr'>magnamque</span> <span class='ocrx_word' id='word_1_149' title='bbox 880 1451 1013 1506; x_wconf 83' lang='lat' dir='ltr'>exercitus</span> <span class='ocrx_word' id='word_1_150' title='bbox 1048 1454 1050 1457; x_wconf 79' lang='grc'><strong>’</strong></span> 
     </span>
    </p>

    <p class='ocr_par' dir='ltr' id='par_1_7' title="bbox 94 1519 1076 1878">
     <span class='ocr_line' id='line_1_19' title="bbox 96 1519 1076 1600; baseline 0 -26"><span class='ocrx_word' id='word_1_151' title='bbox 96 1529 205 1600; x_wconf 88' lang='lat' dir='ltr'>partem</span> <span class='ocrx_word' id='word_1_152' title='bbox 228 1537 257 1574; x_wconf 85' lang='lat' dir='ltr'>nr</span> <span class='ocrx_word' id='word_1_153' title='bbox 279 1519 362 1574; x_wconf 86' lang='lat' dir='ltr'>armis</span> <span class='ocrx_word' id='word_1_154' title='bbox 387 1537 455 1591; x_wconf 86' lang='lat' dir='ltr'>esse,</span> <span class='ocrx_word' id='word_1_155' title='bbox 479 1537 512 1573; x_wconf 88' lang='lat' dir='ltr'>ac</span> <span class='ocrx_word' id='word_1_156' title='bbox 535 1519 639 1589; x_wconf 81' lang='lat' dir='ltr'>vigilias</span> <span class='ocrx_word' id='word_1_157' title='bbox 664 1520 802 1574; x_wconf 86' lang='lat' dir='ltr'>intentiore</span> <span class='ocrx_word' id='word_1_158' title='bbox 825 1537 889 1575; x_wconf 81' lang='lat' dir='ltr'>oure</span> <span class='ocrx_word' id='word_1_159' title='bbox 912 1521 1011 1575; x_wconf 84' lang='lat' dir='ltr'>servsri</span> <span class='ocrx_word' id='word_1_160' title='bbox 1071 1521 1076 1526; x_wconf 87' lang='lat'>&#39;</span> 
     </span>
     <span class='ocr_line' id='line_1_20' title="bbox 95 1588 1012 1662; baseline -0.001 -17"><span class='ocrx_word' id='word_1_161' title='bbox 95 1599 229 1662; x_wconf 85' lang='lat' dir='ltr'>yusserat:</span> <span class='ocrx_word' id='word_1_162' title='bbox 250 1605 312 1658; x_wconf 85' lang='lat' dir='ltr'>ergo</span> <span class='ocrx_word' id='word_1_163' title='bbox 329 1589 435 1658; x_wconf 76' lang='lat' dir='ltr'>ignibus</span> <span class='ocrx_word' id='word_1_164' title='bbox 453 1597 507 1642; x_wconf 90' lang='lat' dir='ltr'>tota</span> <span class='ocrx_word' id='word_1_165' title='bbox 523 1588 581 1660; x_wconf 86' lang='lat' dir='ltr'>ejus</span> <span class='ocrx_word' id='word_1_166' title='bbox 593 1597 680 1644; x_wconf 89' lang='lat' dir='ltr'>castra</span> <span class='ocrx_word' id='word_1_167' title='bbox 692 1590 839 1660; x_wconf 76' lang='lat' dir='ltr'>fulgebant.</span> <span class='ocrx_word' id='word_1_168' title='bbox 875 1591 935 1662; x_wconf 89' lang='lat' dir='ltr'>lpse</span> <span class='ocrx_word' id='word_1_169' title='bbox 948 1607 1012 1645; x_wconf 91' lang='lat' dir='ltr'>cum</span> 
     </span>
     <span class='ocr_line' id='line_1_21' title="bbox 96 1658 1011 1731; baseline 0 -18"><span class='ocrx_word' id='word_1_170' title='bbox 96 1658 217 1714; x_wconf 89' lang='lat' dir='ltr'>ducibus</span> <span class='ocrx_word' id='word_1_171' title='bbox 232 1659 440 1730; x_wconf 83' lang='lat' dir='ltr'>propinquisque</span> <span class='ocrx_word' id='word_1_172' title='bbox 458 1659 565 1728; x_wconf 84' lang='lat' dir='ltr'>agmina</span> <span class='ocrx_word' id='word_1_173' title='bbox 576 1659 604 1713; x_wconf 92' lang='lat' dir='ltr'>in</span> <span class='ocrx_word' id='word_1_174' title='bbox 615 1661 696 1713; x_wconf 90' lang='lat' dir='ltr'>armis</span> <span class='ocrx_word' id='word_1_175' title='bbox 708 1660 835 1714; x_wconf 78' lang='lat' dir='ltr'>stantium</span> <span class='ocrx_word' id='word_1_176' title='bbox 847 1660 1011 1731; x_wconf 82' lang='lat' dir='ltr'>circumibat,</span> 
     </span>
     <span class='ocr_line' id='line_1_22' title="bbox 96 1727 1011 1804; baseline -0.002 -20"><span class='ocrx_word' id='word_1_177' title='bbox 96 1729 189 1784; x_wconf 87' lang='lat' dir='ltr'>Solem</span> <span class='ocrx_word' id='word_1_178' title='bbox 208 1737 236 1782; x_wconf 87' lang='lat' dir='ltr'>et</span> <span class='ocrx_word' id='word_1_179' title='bbox 253 1727 382 1781; x_wconf 71' lang='lat' dir='ltr'>Mithrem</span> <span class='ocrx_word' id='word_1_180' title='bbox 400 1742 559 1799; x_wconf 87' lang='lat' dir='ltr'>sacrumque</span> <span class='ocrx_word' id='word_1_181' title='bbox 577 1739 605 1781; x_wconf 90' lang='lat' dir='ltr'>et</span> <span class='ocrx_word' id='word_1_182' title='bbox 621 1739 761 1783; x_wconf 90' lang='lat' dir='ltr'>aeternum</span> <span class='ocrx_word' id='word_1_183' title='bbox 774 1730 901 1784; x_wconf 85' lang='lat' dir='ltr'>invocans</span> <span class='ocrx_word' id='word_1_184' title='bbox 913 1731 1011 1804; x_wconf 82' lang='lat' dir='ltr'>ignem,</span> 
     </span>
     <span class='ocr_line' id='line_1_23' title="bbox 94 1796 1012 1878; baseline -0.001 -25"><span class='ocrx_word' id='word_1_185' title='bbox 94 1807 125 1854; x_wconf 89' lang='lat' dir='ltr'>ut</span> <span class='ocrx_word' id='word_1_186' title='bbox 138 1798 194 1852; x_wconf 87' lang='lat' dir='ltr'>illis</span> <span class='ocrx_word' id='word_1_187' title='bbox 205 1797 315 1878; x_wconf 79' lang='lat' dir='ltr'>dignam</span> <span class='ocrx_word' id='word_1_188' title='bbox 327 1805 419 1852; x_wconf 83' lang='lat' dir='ltr'>vetere</span> <span class='ocrx_word' id='word_1_189' title='bbox 436 1796 520 1866; x_wconf 81' lang='lat' dir='ltr'>glorie</span> <span class='ocrx_word' id='word_1_190' title='bbox 537 1797 722 1868; x_wconf 82' lang='lat' dir='ltr'>majorumque</span> <span class='ocrx_word' id='word_1_191' title='bbox 739 1799 930 1853; x_wconf 82' lang='lat' dir='ltr'>monumentis⁵</span> <span class='ocrx_word' id='word_1_192' title='bbox 942 1799 1012 1852; x_wconf 85' lang='lat' dir='ltr'>lorti·</span> 
     </span>
    </p>
   </div>
   <div class='ocr_carea' id='block_1_6' title="bbox 3 1866 1013 1940">
    <p class='ocr_par' dir='ltr' id='par_1_8' title="bbox 3 1866 1013 1940">
     <span class='ocr_line' id='line_1_24' title="bbox 3 1866 1013 1940; baseline -0.001 -18"><span class='ocrx_word' id='word_1_193' title='bbox 3 1925 4 1928; x_wconf 59' lang='grc'>,</span> <span class='ocrx_word' id='word_1_194' title='bbox 95 1868 223 1922; x_wconf 87' lang='lat' dir='ltr'>tudinem</span> <span class='ocrx_word' id='word_1_195' title='bbox 234 1874 399 1937; x_wconf 85' lang='lat' dir='ltr'>rnspnarent.</span> <span class='ocrx_word' id='word_1_196' title='bbox 431 1867 465 1922; x_wconf 83' lang='lat' dir='ltr'>Et</span> <span class='ocrx_word' id='word_1_197' title='bbox 477 1866 603 1937; x_wconf 83' lang='lat' dir='ltr'>prefecto,</span> <span class='ocrx_word' id='word_1_198' title='bbox 616 1867 639 1920; x_wconf 91' lang='lat' dir='ltr'>si</span> <span class='ocrx_word' id='word_1_199' title='bbox 650 1884 705 1936; x_wconf 81' lang='lat' dir='ltr'>que</span> <span class='ocrx_word' id='word_1_200' title='bbox 716 1867 822 1921; x_wconf 80' lang='lat' dir='ltr'>divinus</span> <span class='ocrx_word' id='word_1_201' title='bbox 834 1869 892 1940; x_wconf 91' lang='lat' dir='ltr'>opis</span> <span class='ocrx_word' id='word_1_202' title='bbox 902 1869 1013 1938; x_wconf 86' lang='lat' dir='ltr'>auguria</span> 
     </span>
    </p>
   </div>
   <div class='ocr_carea' id='block_1_7' title="bbox 94 1935 1013 2286">
    <p class='ocr_par' dir='ltr' id='par_1_9' title="bbox 94 1935 1013 2286">
     <span class='ocr_line' id='line_1_25' title="bbox 94 1935 1013 2009; baseline -0.001 -17"><span class='ocrx_word' id='word_1_203' title='bbox 94 1937 219 1992; x_wconf 89' lang='lat' dir='ltr'>humans</span> <span class='ocrx_word' id='word_1_204' title='bbox 230 1943 323 1990; x_wconf 90' lang='lat' dir='ltr'>mente</span> <span class='ocrx_word' id='word_1_205' title='bbox 334 1937 438 2008; x_wconf 88' lang='lat' dir='ltr'>concipi</span> <span class='ocrx_word' id='word_1_206' title='bbox 450 1945 565 2008; x_wconf 88' lang='lat' dir='ltr'>possent,</span> <span class='ocrx_word' id='word_1_207' title='bbox 575 1935 640 1990; x_wconf 87' lang='lat' dir='ltr'>deos</span> <span class='ocrx_word' id='word_1_208' title='bbox 649 1945 719 1995; x_wconf 85' lang='lat' dir='ltr'>stare</span> <span class='ocrx_word' id='word_1_209' title='bbox 728 1953 830 1992; x_wconf 88' lang='lat' dir='ltr'>seeum.</span> <span class='ocrx_word' id='word_1_210' title='bbox 860 1938 921 1991; x_wconf 91' lang='lat' dir='ltr'>lllos</span> <span class='ocrx_word' id='word_1_211' title='bbox 929 1954 1013 2009; x_wconf 89' lang='lat' dir='ltr'>nuper</span> 
     </span>
     <span class='ocr_line' id='line_1_26' title="bbox 95 2005 1013 2065; baseline -0.001 -3"><span class='ocrx_word' id='word_1_212' title='bbox 95 2006 282 2065; x_wconf 83' lang='lat' dir='ltr'>Macedonum</span> <span class='ocrx_word' id='word_1_213' title='bbox 297 2006 396 2061; x_wconf 88' lang='lat' dir='ltr'>animis</span> <span class='ocrx_word' id='word_1_214' title='bbox 412 2007 528 2060; x_wconf 89' lang='lat' dir='ltr'>subitam</span> <span class='ocrx_word' id='word_1_215' title='bbox 547 2005 689 2063; x_wconf 86' lang='lat' dir='ltr'>incussisse</span> <span class='ocrx_word' id='word_1_216' title='bbox 707 2005 878 2060; x_wconf 87' lang='lat' dir='ltr'>formidinem</span> <span class='ocrx_word' id='word_1_217' title='bbox 889 2006 908 2060; x_wconf 81' lang='lat'>:⁸</span> <span class='ocrx_word' id='word_1_218' title='bbox 925 2007 1013 2062; x_wconf 90' lang='lat' dir='ltr'>adhuc</span> 
     </span>
     <span class='ocr_line' id='line_1_27' title="bbox 96 2065 1013 2147; baseline -0.001 -17"><span class='ocrx_word' id='word_1_219' title='bbox 96 2075 256 2147; x_wconf 90' lang='lat' dir='ltr'>lymphatos</span> <span class='ocrx_word' id='word_1_220' title='bbox 272 2075 335 2130; x_wconf 82' lang='lat' dir='ltr'>ferri</span> <span class='ocrx_word' id='word_1_221' title='bbox 352 2076 395 2145; x_wconf 84' lang='lat' dir='ltr'>agi</span> <span class='ocrx_word' id='word_1_222' title='bbox 414 2077 468 2146; x_wconf 73' lang='grc' dir='ltr'>ιιο,τ</span> <span class='ocrx_word' id='word_1_223' title='bbox 484 2092 560 2130; x_wconf 89' lang='lat' dir='ltr'>arma</span> <span class='ocrx_word' id='word_1_224' title='bbox 576 2075 720 2145; x_wconf 86' lang='lat' dir='ltr'>jacientes:</span> <span class='ocrx_word' id='word_1_225' title='bbox 737 2085 865 2147; x_wconf 84' lang='lat' dir='ltr'>expetere</span> <span class='ocrx_word' id='word_1_226' title='bbox 878 2065 1013 2147; x_wconf 66' lang='lat' dir='ltr'>praesides</span> 
     </span>
     <span class='ocr_line' id='line_1_28' title="bbox 95 2145 1011 2218; baseline 0 -17"><span class='ocrx_word' id='word_1_227' title='bbox 95 2145 244 2201; x_wconf 86' lang='lat' dir='ltr'>Persarum</span> <span class='ocrx_word' id='word_1_228' title='bbox 254 2145 359 2216; x_wconf 90' lang='lat' dir='ltr'>imperii</span> <span class='ocrx_word' id='word_1_229' title='bbox 371 2146 406 2200; x_wconf 89' lang='lat' dir='ltr'>de</span> <span class='ocrx_word' id='word_1_230' title='bbox 426 2145 478 2200; x_wconf 90' lang='lat' dir='ltr'>itas</span> <span class='ocrx_word' id='word_1_231' title='bbox 489 2147 516 2198; x_wconf 66' lang='grc' dir='ltr'>θ’</span> <span class='ocrx_word' id='word_1_232' title='bbox 529 2145 688 2200; x_wconf 81' lang='lat' dir='ltr'>vecordibus</span> <span class='ocrx_word' id='word_1_233' title='bbox 705 2162 813 2217; x_wconf 89' lang='lat' dir='ltr'>poenas.</span> <span class='ocrx_word' id='word_1_234' title='bbox 849 2147 874 2200; x_wconf 94' lang='lat' dir='ltr'>N</span> <span class='ocrx_word' id='word_1_235' title='bbox 876 2162 908 2200; x_wconf 88' lang='lat' dir='ltr'>eo</span> <span class='ocrx_word' id='word_1_236' title='bbox 925 2147 1011 2218; x_wconf 90' lang='lat' dir='ltr'>ipsum</span> 
     </span>
     <span class='ocr_line' id='line_1_29' title="bbox 94 2214 1010 2286; baseline 0 -16"><span class='ocrx_word' id='word_1_237' title='bbox 94 2215 197 2270; x_wconf 91' lang='lat' dir='ltr'>ducem</span> <span class='ocrx_word' id='word_1_238' title='bbox 217 2215 349 2269; x_wconf 89' lang='lat' dir='ltr'>saniorem</span> <span class='ocrx_word' id='word_1_239' title='bbox 366 2231 443 2270; x_wconf 88' lang='lat' dir='ltr'>esse:</span> <span class='ocrx_word' id='word_1_240' title='bbox 464 2215 563 2284; x_wconf 91' lang='lat' dir='ltr'>quippe</span> <span class='ocrx_word' id='word_1_241' title='bbox 582 2215 632 2269; x_wconf 92' lang='lat' dir='ltr'>ritu</span> <span class='ocrx_word' id='word_1_242' title='bbox 650 2214 766 2270; x_wconf 80' lang='lat' dir='ltr'>feramur</span> <span class='ocrx_word' id='word_1_243' title='bbox 784 2216 910 2286; x_wconf 87' lang='lat' dir='ltr'>praedam</span> <span class='ocrx_word' id='word_1_244' title='bbox 923 2217 1010 2286; x_wconf 89' lang='lat' dir='ltr'>modo,</span> 
     </span>
    </p>
   </div>
   <div class='ocr_carea' id='block_1_8' title="bbox 93 2303 1095 3432">
    <p class='ocr_par' dir='ltr' id='par_1_10' title="bbox 94 2303 1095 3014">
     <span class='ocr_line' id='line_1_30' title="bbox 95 2303 1012 2372; baseline 0.003 -20"><span class='ocrx_word' id='word_1_245' title='bbox 95 2305 160 2354; x_wconf 84' lang='lat' dir='ltr'>rives</span> <span class='ocrx_word' id='word_1_246' title='bbox 171 2303 201 2352; x_wconf 82' lang='lat' dir='ltr'>ol</span> <span class='ocrx_word' id='word_1_247' title='bbox 207 2303 249 2351; x_wconf 86' lang='lat' dir='ltr'>the</span> <span class='ocrx_word' id='word_1_248' title='bbox 260 2313 344 2352; x_wconf 89' lang='lat' dir='ltr'>neuter</span> <span class='ocrx_word' id='word_1_249' title='bbox 354 2303 445 2364; x_wconf 87' lang='lat' dir='ltr'>plursls</span> <span class='ocrx_word' id='word_1_250' title='bbox 452 2321 517 2372; x_wconf 77' lang='lat' dir='ltr'>ponc</span> <span class='ocrx_word' id='word_1_251' title='bbox 525 2303 572 2354; x_wconf 88' lang='lat' dir='ltr'>aud</span> <span class='ocrx_word' id='word_1_252' title='bbox 581 2305 674 2354; x_wconf 75' lang='lat' dir='ltr'>inustio.</span> <span class='ocrx_word' id='word_1_253' title='bbox 702 2304 802 2356; x_wconf 89' lang='lat' dir='ltr'>Curtius</span> <span class='ocrx_word' id='word_1_254' title='bbox 811 2307 831 2355; x_wconf 84' lang='lat' dir='ltr'>is</span> <span class='ocrx_word' id='word_1_255' title='bbox 840 2305 897 2356; x_wconf 88' lang='lat' dir='ltr'>lond</span> <span class='ocrx_word' id='word_1_256' title='bbox 904 2307 933 2356; x_wconf 84' lang='lat' dir='ltr'>ol</span> <span class='ocrx_word' id='word_1_257' title='bbox 940 2307 1012 2370; x_wconf 80' lang='lat' dir='ltr'>using</span> 
     </span>
     <span class='ocr_line' id='line_1_31' title="bbox 94 2361 1008 2486; baseline 0.003 -16"><span class='ocrx_word' id='word_1_258' title='bbox 94 2363 138 2451; x_wconf 53' lang='lat' dir='ltr'>th?</span> <span class='ocrx_word' id='word_1_259' title='bbox 145 2361 550 2483; x_wconf 48' lang='lat' dir='ltr'>Pghttelrhslchhisltihlb&#39;tslhhlhihlgcsr</span> <span class='ocrx_word' id='word_1_260' title='bbox 559 2422 620 2472; x_wconf 82' lang='lat' dir='ltr'>with</span> <span class='ocrx_word' id='word_1_261' title='bbox 631 2421 672 2472; x_wconf 92' lang='lat' dir='ltr'>the</span> <span class='ocrx_word' id='word_1_262' title='bbox 683 2424 845 2486; x_wconf 85' lang='lat' dir='ltr'>subjunctive,</span> <span class='ocrx_word' id='word_1_263' title='bbox 855 2440 897 2474; x_wconf 91' lang='lat' dir='ltr'>see</span> <span class='ocrx_word' id='word_1_264' title='bbox 909 2425 1008 2486; x_wconf 88' lang='lat' dir='ltr'>Zumpt,</span> 
     </span>
     <span class='ocr_line' id='line_1_32' title="bbox 95 2481 1009 2614; baseline 0.003 -25"><span class='ocrx_word' id='word_1_265' title='bbox 95 2481 311 2589; x_wconf 37' lang='lat' dir='ltr'>§Yssihffii&#39;uves</span> <span class='ocrx_word' id='word_1_266' title='bbox 326 2539 357 2588; x_wconf 90' lang='lat' dir='ltr'>do</span> <span class='ocrx_word' id='word_1_267' title='bbox 373 2549 414 2610; x_wconf 84' lang='lat' dir='ltr'>not</span> <span class='ocrx_word' id='word_1_268' title='bbox 428 2539 522 2610; x_wconf 76' lang='lat' dir='ltr'>always</span> <span class='ocrx_word' id='word_1_269' title='bbox 540 2555 640 2602; x_wconf 85' lang='lat' dir='ltr'>express</span> <span class='ocrx_word' id='word_1_270' title='bbox 655 2542 795 2601; x_wconf 69' lang='lat' dir='ltr'>smellnesn</span> <span class='ocrx_word' id='word_1_271' title='bbox 813 2545 857 2592; x_wconf 93' lang='lat' dir='ltr'>but</span> <span class='ocrx_word' id='word_1_272' title='bbox 872 2543 1009 2614; x_wconf 77' lang='lat' dir='ltr'>frequently</span> 
     </span>
     <span class='ocr_line' id='line_1_33' title="bbox 94 2598 1007 2661; baseline 0 -10"><span class='ocrx_word' id='word_1_273' title='bbox 94 2599 149 2651; x_wconf 83' lang='lat' dir='ltr'>also</span> <span class='ocrx_word' id='word_1_274' title='bbox 157 2609 291 2658; x_wconf 86' lang='lat' dir='ltr'>contempt.</span> <span class='ocrx_word' id='word_1_275' title='bbox 309 2598 385 2648; x_wconf 66' lang='lat' dir='ltr'>Locro</span> <span class='ocrx_word' id='word_1_276' title='bbox 395 2615 416 2648; x_wconf 88' lang='lat' dir='ltr'>rs</span> <span class='ocrx_word' id='word_1_277' title='bbox 426 2615 441 2648; x_wconf 86' lang='lat' dir='ltr'>a</span> <span class='ocrx_word' id='word_1_278' title='bbox 451 2600 541 2658; x_wconf 85' lang='lat' dir='ltr'>handu,</span> <span class='ocrx_word' id='word_1_279' title='bbox 551 2617 567 2650; x_wconf 83' lang='lat' dir='ltr'>s</span> <span class='ocrx_word' id='word_1_280' title='bbox 574 2601 711 2660; x_wconf 62' lang='lat' dir='ltr'>morderem</span> <span class='ocrx_word' id='word_1_281' title='bbox 724 2606 875 2654; x_wconf 72' lang='lat' dir='ltr'>lmrsseslsr</span> <span class='ocrx_word' id='word_1_282' title='bbox 885 2619 907 2652; x_wconf 86' lang='lat' dir='ltr'>rs</span> <span class='ocrx_word' id='word_1_283' title='bbox 917 2605 1007 2661; x_wconf 87' lang='lat' dir='ltr'>abase,</span> 
     </span>
     <span class='ocr_line' id='line_1_34' title="bbox 94 2657 1095 2800; baseline 0 -32"><span class='ocrx_word' id='word_1_284' title='bbox 94 2657 386 2786; x_wconf 47' lang='lat' dir='ltr'>wpffliffltffihnhot</span> <span class='ocrx_word' id='word_1_285' title='bbox 396 2717 489 2800; x_wconf 82' lang='lat' dir='ltr'>merely</span> <span class='ocrx_word' id='word_1_286' title='bbox 502 2717 623 2788; x_wconf 75' lang='lat' dir='ltr'>‘lrepent</span> <span class='ocrx_word' id='word_1_287' title='bbox 634 2719 671 2790; x_wconf 56' lang='lat' dir='ltr'>cij</span> <span class='ocrx_word' id='word_1_288' title='bbox 684 2719 774 2790; x_wconf 78' lang='lat' dir='ltr'>having</span> <span class='ocrx_word' id='word_1_289' title='bbox 784 2720 846 2770; x_wconf 92' lang='lat' dir='ltr'>done</span> <span class='ocrx_word' id='word_1_290' title='bbox 861 2719 1007 2782; x_wconf 80' lang='lat' dir='ltr'>something,</span> <span class='ocrx_word' id='word_1_291' title='bbox 1090 2736 1095 2745; x_wconf 95' lang='lat'>·</span> 
     </span>
     <span class='ocr_line' id='line_1_35' title="bbox 94 2776 1009 2841; baseline 0.002 -15"><span class='ocrx_word' id='word_1_292' title='bbox 94 2777 139 2826; x_wconf 88' lang='lat' dir='ltr'>but</span> <span class='ocrx_word' id='word_1_293' title='bbox 150 2777 205 2826; x_wconf 91' lang='lat' dir='ltr'>also</span> <span class='ocrx_word' id='word_1_294' title='bbox 218 2776 294 2826; x_wconf 84' lang='lat' dir='ltr'>‘Iam</span> <span class='ocrx_word' id='word_1_295' title='bbox 304 2776 473 2828; x_wconf 86' lang='lat' dir='ltr'>drsconteuted</span> <span class='ocrx_word' id='word_1_296' title='bbox 491 2777 551 2828; x_wconf 87' lang='lat' dir='ltr'>wnh</span> <span class='ocrx_word' id='word_1_297' title='bbox 561 2780 700 2841; x_wconf 77' lang='lat' dir='ltr'>something</span> <span class='ocrx_word' id='word_1_298' title='bbox 709 2779 789 2828; x_wconf 76' lang='lat' dir='ltr'>which</span> <span class='ocrx_word' id='word_1_299' title='bbox 798 2779 856 2827; x_wconf 88' lang='lat' dir='ltr'>does</span> <span class='ocrx_word' id='word_1_300' title='bbox 865 2787 906 2826; x_wconf 89' lang='lat' dir='ltr'>not</span> <span class='ocrx_word' id='word_1_301' title='bbox 915 2778 1009 2838; x_wconf 89' lang='lat' dir='ltr'>depend</span> 
     </span>
     <span class='ocr_line' id='line_1_36' title="bbox 95 2835 1079 2899; baseline 0.001 -13"><span class='ocrx_word' id='word_1_302' title='bbox 95 2852 129 2886; x_wconf 90' lang='lat' dir='ltr'>on</span> <span class='ocrx_word' id='word_1_303' title='bbox 144 2851 196 2893; x_wconf 90' lang='lat' dir='ltr'>me,</span> <span class='ocrx_word' id='word_1_304' title='bbox 214 2837 258 2884; x_wconf 86' lang='lat' dir='ltr'>but</span> <span class='ocrx_word' id='word_1_305' title='bbox 273 2835 318 2884; x_wconf 88' lang='lat' dir='ltr'>has</span> <span class='ocrx_word' id='word_1_306' title='bbox 334 2851 402 2886; x_wconf 90' lang='lat' dir='ltr'>some</span> <span class='ocrx_word' id='word_1_307' title='bbox 417 2837 518 2886; x_wconf 88' lang='lat' dir='ltr'>relation</span> <span class='ocrx_word' id='word_1_308' title='bbox 534 2846 561 2886; x_wconf 88' lang='lat' dir='ltr'>to</span> <span class='ocrx_word' id='word_1_309' title='bbox 574 2854 629 2896; x_wconf 89' lang='lat' dir='ltr'>me;</span> <span class='ocrx_word' id='word_1_310' title='bbox 647 2837 801 2899; x_wconf 82' lang='lat' dir='ltr'>accordingly</span> <span class='ocrx_word' id='word_1_311' title='bbox 811 2837 878 2894; x_wconf 86' lang='lat' dir='ltr'>here,</span> <span class='ocrx_word' id='word_1_312' title='bbox 894 2837 920 2885; x_wconf 89' lang='lat' dir='ltr'>‘I</span> <span class='ocrx_word' id='word_1_313' title='bbox 931 2837 1010 2898; x_wconf 84' lang='lat' dir='ltr'>prefer</span> <span class='ocrx_word' id='word_1_314' title='bbox 1075 2855 1079 2871; x_wconf 92' lang='lat'><em>·</em></span> 
     </span>
     <span class='ocr_line' id='line_1_37' title="bbox 94 2894 1008 2963; baseline 0.003 -19"><span class='ocrx_word' id='word_1_315' title='bbox 94 2895 304 2963; x_wconf 85' lang='lat' dir='ltr'>discoutentnrent</span> <span class='ocrx_word' id='word_1_316' title='bbox 314 2894 375 2943; x_wconf 82' lang='lat' dir='ltr'>with</span> <span class='ocrx_word' id='word_1_317' title='bbox 390 2911 432 2956; x_wconf 90' lang='lat' dir='ltr'>my</span> <span class='ocrx_word' id='word_1_318' title='bbox 443 2896 548 2958; x_wconf 79' lang='lat' dir='ltr'>fortune..</span> <span class='ocrx_word' id='word_1_319' title='bbox 565 2907 591 2946; x_wconf 93' lang='lat' dir='ltr'>to</span> <span class='ocrx_word' id='word_1_320' title='bbox 606 2897 691 2948; x_wconf 88' lang='lat' dir='ltr'>shsnre</span> <span class='ocrx_word' id='word_1_321' title='bbox 706 2895 742 2948; x_wconf 81' lang='lat' dir='ltr'>sor</span> <span class='ocrx_word' id='word_1_322' title='bbox 758 2912 800 2957; x_wconf 87' lang='lat' dir='ltr'>my</span> <span class='ocrx_word' id='word_1_323' title='bbox 810 2895 921 2956; x_wconf 67' lang='lat' dir='ltr'>victory!</span> <span class='ocrx_word' id='word_1_324' title='bbox 953 2895 1008 2947; x_wconf 90' lang='lat' dir='ltr'>The</span> 
     </span>
     <span class='ocr_line' id='line_1_38' title="bbox 94 2954 412 3014; baseline -0.006 -10"><span class='ocrx_word' id='word_1_325' title='bbox 94 2956 332 3014; x_wconf 84' lang='lat' dir='ltr'>sentimenttsvery</span> <span class='ocrx_word' id='word_1_326' title='bbox 359 2954 412 3004; x_wconf 91' lang='lat' dir='ltr'>ood.</span> 
     </span>
    </p>

    <p class='ocr_par' dir='ltr' id='par_1_11' title="bbox 93 2970 1007 3204">
     <span class='ocr_line' id='line_1_39' title="bbox 124 2970 1007 3076; baseline 0.005 -14"><span class='ocrx_word' id='word_1_327' title='bbox 124 3015 171 3062; x_wconf 63' lang='lat' dir='ltr'>‘A</span> <span class='ocrx_word' id='word_1_328' title='bbox 184 3013 288 3074; x_wconf 83' lang='lat' dir='ltr'>divinity</span> <span class='ocrx_word' id='word_1_329' title='bbox 298 3013 322 3062; x_wconf 89' lang='lat' dir='ltr'>iu</span> <span class='ocrx_word' id='word_1_330' title='bbox 337 2970 379 3062; x_wconf 78' lang='lat' dir='ltr'>the</span> <span class='ocrx_word' id='word_1_331' title='bbox 395 3011 497 3064; x_wconf 89' lang='lat' dir='ltr'>Persian</span> <span class='ocrx_word' id='word_1_332' title='bbox 510 3014 681 3076; x_wconf 82' lang='lat' dir='ltr'>lire·rrorship,</span> <span class='ocrx_word' id='word_1_333' title='bbox 694 3029 725 3063; x_wconf 89' lang='lat' dir='ltr'>au</span> <span class='ocrx_word' id='word_1_334' title='bbox 739 3013 855 3064; x_wconf 84' lang='lat' dir='ltr'>assistent</span> <span class='ocrx_word' id='word_1_335' title='bbox 870 3014 899 3064; x_wconf 86' lang='lat' dir='ltr'>of</span> <span class='ocrx_word' id='word_1_336' title='bbox 910 3014 951 3065; x_wconf 87' lang='lat' dir='ltr'>the</span> <span class='ocrx_word' id='word_1_337' title='bbox 965 3033 1007 3066; x_wconf 88' lang='lat' dir='ltr'>su·</span> 
     </span>
     <span class='ocr_line' id='line_1_40' title="bbox 93 3071 845 3204; baseline 0.001 -22"><span class='ocrx_word' id='word_1_338' title='bbox 93 3071 424 3200; x_wconf 50' lang='lat' dir='ltr'>prqnffioqqquqnqqghm</span> <span class='ocrx_word' id='word_1_339' title='bbox 437 3132 622 3202; x_wconf 74' lang='lat' dir='ltr'>‘grestdeeds&#39;</span> <span class='ocrx_word' id='word_1_340' title='bbox 679 3191 684 3202; x_wconf 28' lang='grc' dir='ltr'>ι</span> <span class='ocrx_word' id='word_1_341' title='bbox 840 3194 845 3204; x_wconf 40' lang='grc' dir='ltr'>Ι</span> 
     </span>
    </p>

    <p class='ocr_par' dir='ltr' id='par_1_12' title="bbox 94 3190 1008 3302">
     <span class='ocr_line' id='line_1_41' title="bbox 122 3190 1008 3255; baseline 0.002 -13"><span class='ocrx_word' id='word_1_342' title='bbox 122 3191 203 3242; x_wconf 82' lang='lat' dir='ltr'>‘The</span> <span class='ocrx_word' id='word_1_343' title='bbox 233 3200 330 3240; x_wconf 77' lang='lat' dir='ltr'>uestros</span> <span class='ocrx_word' id='word_1_344' title='bbox 343 3201 459 3255; x_wconf 79' lang='lat' dir='ltr'>suggests</span> <span class='ocrx_word' id='word_1_345' title='bbox 475 3191 618 3248; x_wconf 83' lang='lat' dir='ltr'>nself‚how</span> <span class='ocrx_word' id='word_1_346' title='bbox 629 3190 867 3244; x_wconf 83' lang='lat' dir='ltr'>Dsnuslrnewthrs.</span> <span class='ocrx_word' id='word_1_347' title='bbox 900 3191 1008 3254; x_wconf 77' lang='lat' dir='ltr'>Perhaps</span> 
     </span>
     <span class='ocr_line' id='line_1_42' title="bbox 94 3249 678 3302; baseline -0.002 -2"><span class='ocrx_word' id='word_1_348' title='bbox 94 3249 218 3300; x_wconf 80' lang='lat' dir='ltr'>desertare</span> <span class='ocrx_word' id='word_1_349' title='bbox 247 3251 278 3298; x_wconf 89' lang='lat' dir='ltr'>ad</span> <span class='ocrx_word' id='word_1_350' title='bbox 289 3252 332 3298; x_wconf 89' lang='lat' dir='ltr'>bro</span> <span class='ocrx_word' id='word_1_351' title='bbox 366 3249 391 3298; x_wconf 89' lang='lat' dir='ltr'>ht</span> <span class='ocrx_word' id='word_1_352' title='bbox 403 3250 453 3298; x_wconf 90' lang='lat' dir='ltr'>him</span> <span class='ocrx_word' id='word_1_353' title='bbox 465 3249 507 3298; x_wconf 91' lang='lat' dir='ltr'>the</span> <span class='ocrx_word' id='word_1_354' title='bbox 518 3249 678 3302; x_wconf 79' lang='lat' dir='ltr'>informetiou.</span> 
     </span>
    </p>

    <p class='ocr_par' dir='ltr' id='par_1_13' title="bbox 93 3308 1008 3432">
     <span class='ocr_line' id='line_1_43' title="bbox 124 3308 1008 3415; baseline 0.001 -55"><span class='ocrx_word' id='word_1_355' title='bbox 124 3309 231 3360; x_wconf 84' lang='lat' dir='ltr'>&#39;These</span> <span class='ocrx_word' id='word_1_356' title='bbox 247 3310 328 3376; x_wconf 79' lang='lat' dir='ltr'>verbs,</span> <span class='ocrx_word' id='word_1_357' title='bbox 346 3319 354 3356; x_wconf 88' lang='lat' dir='ltr'>t</span> <span class='ocrx_word' id='word_1_358' title='bbox 374 3309 440 3370; x_wconf 79' lang='lat' dir='ltr'>ougb</span> <span class='ocrx_word' id='word_1_359' title='bbox 454 3309 567 3415; x_wconf 63' lang='lat' dir='ltr'>properly</span> <span class='ocrx_word' id='word_1_360' title='bbox 580 3308 713 3368; x_wconf 84' lang='lat' dir='ltr'>sppliceble</span> <span class='ocrx_word' id='word_1_361' title='bbox 728 3310 787 3383; x_wconf 80' lang='lat' dir='ltr'>only</span> <span class='ocrx_word' id='word_1_362' title='bbox 801 3320 827 3360; x_wconf 87' lang='grc' dir='ltr'>ιο</span> <span class='ocrx_word' id='word_1_363' title='bbox 842 3311 933 3372; x_wconf 76' lang='lat' dir='ltr'>things,</span> <span class='ocrx_word' id='word_1_364' title='bbox 951 3327 1008 3374; x_wconf 88' lang='lat' dir='ltr'>may</span> 
     </span>
     <span class='ocr_line' id='line_1_44' title="bbox 93 3367 1007 3432; baseline 0.003 -15"><span class='ocrx_word' id='word_1_365' title='bbox 93 3367 145 3417; x_wconf 88' lang='lat' dir='ltr'>also</span> <span class='ocrx_word' id='word_1_366' title='bbox 162 3371 194 3417; x_wconf 89' lang='lat' dir='ltr'>be</span> <span class='ocrx_word' id='word_1_367' title='bbox 210 3367 307 3427; x_wconf 87' lang='lat' dir='ltr'>apphed</span> <span class='ocrx_word' id='word_1_368' title='bbox 323 3377 347 3416; x_wconf 88' lang='lat' dir='ltr'>to</span> <span class='ocrx_word' id='word_1_369' title='bbox 363 3383 420 3416; x_wconf 89' lang='lat' dir='ltr'>rnen</span> <span class='ocrx_word' id='word_1_370' title='bbox 430 3382 452 3415; x_wconf 84' lang='lat' dir='ltr'><strong>w</strong></span> <span class='ocrx_word' id='word_1_371' title='bbox 471 3383 536 3416; x_wconf 89' lang='lat' dir='ltr'>care</span> <span class='ocrx_word' id='word_1_372' title='bbox 547 3385 595 3418; x_wconf 72' lang='lat' dir='ltr'>nme</span> <span class='ocrx_word' id='word_1_373' title='bbox 605 3378 714 3432; x_wconf 76' lang='lat' dir='ltr'>compotes</span> <span class='ocrx_word' id='word_1_374' title='bbox 725 3381 849 3423; x_wconf 78' lang='lat' dir='ltr'>sua-not</span> <span class='ocrx_word' id='word_1_375' title='bbox 864 3379 968 3420; x_wconf 83' lang='lat' dir='ltr'>masters</span> <span class='ocrx_word' id='word_1_376' title='bbox 979 3371 1007 3420; x_wconf 87' lang='lat' dir='ltr'>ol</span> 
     </span>
    </p>
   </div>
   <div class='ocr_carea' id='block_1_9' title="bbox 3 3426 255 3482">
    <p class='ocr_par' dir='ltr' id='par_1_14' title="bbox 3 3426 255 3482">
     <span class='ocr_line' id='line_1_45' title="bbox 3 3426 255 3482; baseline -0.008 -6"><span class='ocrx_word' id='word_1_377' title='bbox 3 3479 4 3482; x_wconf 53' lang='lat'>,</span> <span class='ocrx_word' id='word_1_378' title='bbox 93 3426 255 3476; x_wconf 84' lang='lat' dir='ltr'>themselves.</span> 
     </span>
    </p>
   </div>
   <div class='ocr_carea' id='block_1_10' title="bbox 122 3485 789 3548">
    <p class='ocr_par' dir='ltr' id='par_1_15' title="bbox 122 3485 789 3548">
     <span class='ocr_line' id='line_1_46' title="bbox 122 3485 789 3548; baseline 0 -12"><span class='ocrx_word' id='word_1_379' title='bbox 122 3491 131 3517; x_wconf 83' lang='lat'>⁸</span> <span class='ocrx_word' id='word_1_380' title='bbox 141 3485 200 3536; x_wconf 79' lang='lat' dir='ltr'>&#39;l&#39;be</span> <span class='ocrx_word' id='word_1_381' title='bbox 211 3499 279 3536; x_wconf 85' lang='lat' dir='ltr'>mora</span> <span class='ocrx_word' id='word_1_382' title='bbox 290 3485 361 3536; x_wconf 84' lang='lat' dir='ltr'>usual</span> <span class='ocrx_word' id='word_1_383' title='bbox 370 3485 519 3548; x_wconf 74' lang='lat' dir='ltr'>proposition</span> <span class='ocrx_word' id='word_1_384' title='bbox 529 3486 611 3536; x_wconf 76' lang='lat' dir='ltr'>wordd</span> <span class='ocrx_word' id='word_1_385' title='bbox 621 3487 683 3537; x_wconf 80' lang='lat' dir='ltr'>have</span> <span class='ocrx_word' id='word_1_386' title='bbox 693 3489 757 3537; x_wconf 86' lang='lat' dir='ltr'>been</span> <span class='ocrx_word' id='word_1_387' title='bbox 766 3505 789 3536; x_wconf 85' lang='lat' dir='ltr'>c.</span> 
     </span>
    </p>
   </div>
   <div class='ocr_carea' id='block_1_11' title="bbox 0 0 1144 3846">
    <p class='ocr_par' dir='ltr' id='par_1_16' title="bbox 0 0 1144 3846">
     <span class='ocr_line' id='line_1_47' title="bbox 0 0 1144 3846; baseline 0 0"><span class='ocrx_word' id='word_1_388' title='bbox 0 0 1144 3846; x_wconf 95' lang='lat' dir='ltr'> </span> 
     </span>
    </p>
   </div>
  </div>
 </body>
</html>
