2278 3846
463 228 554 268 ursan
574 228 615 267 vr.
938 213 993 268 16³

67 337 152 392 milia
171 339 231 392 fere
250 338 367 392 militum
378 345 523 405 venerant,
540 345 677 406 praeterea
696 336 772 390 turba
790 336 905 391 lixarum
924 337 993 392 calo-

67 425 199 478 numque
222 407 409 476 impleverant¹
433 407 542 474 regiam.
586 404 717 458 Philotam
740 407 863 474 armigeri
886 408 993 475 agmine

67 495 124 530 suo
149 477 287 546 tegebant,
307 494 342 530 ue
365 485 427 530 ante
450 475 567 546 conspici
591 484 680 544 posset
699 493 715 527 a
734 475 820 544 vulgo,
842 494 921 545 quam
948 493 993 532 rex

68 546 211 600 allocutus
229 547 329 600 milites
346 555 426 598 esset.
462 547 502 599 De
520 545 680 612 capitalibus
695 546 773 598 rebus
786 555 889 598 vetusto
901 549 993 600 Mece-

69 615 180 668 donum
205 617 284 670 morlo
305 615 454 685 inquirebat
474 615 615 682 exercitus,
636 615 661 666 in
685 631 752 682 pace
772 625 827 667 erat
849 617 938 686 vulgi,
966 626 992 669 et

68 685 144 738 nihil
157 695 278 756 potestas
298 703 391 754 regum
404 685 518 754 valebat,
531 684 581 762 qisi
603 684 676 753 prius
688 683 814 738 valuisset
832 687 995 739 auctoritas.²

70 755 164 822 lgitur
184 757 275 808 Dimni
294 756 412 826 primum
431 755 546 807 cadaver
565 753 681 822 infertur,
702 753 843 824 plerisque,
864 755 929 823 quid
947 773 992 826 pa-

71 833 173 892 rasset,
194 841 281 894 quove
302 843 367 878 casu
388 825 521 877 extinctus
540 832 618 890 esset,
632 821 739 890 ignaris.
775 824 831 876 Rex
852 823 948 878 deinde
968 827 992 878 in

71 894 234 946 contionem
251 893 377 964 procedit,
391 894 464 948 vultu
482 892 634 962 praeferens
653 890 772 945 dolorem
792 893 882 946 animi.
919 897 993 948 Ami·

71 977 174 1016 corum
198 981 304 1033 quoque
333 965 466 1016 maestitia
491 962 702 1032 expectationem
727 961 798 1016 haud
822 980 931 1032 parvam
957 965 993 1017 rei

72 1031 193 1085 fecerat.
230 1035 281 1086 Diu
301 1051 347 1086 rex
366 1034 483 1086 demisso
502 1033 528 1084 in
549 1042 646 1085 terram
665 1031 740 1084 vultu
759 1035 869 1084 attonito
888 1042 994 1103 stupen-

74 1103 156 1171 tique
176 1103 270 1156 similis
288 1105 370 1156 stetit.
406 1103 526 1156 Tandem
545 1110 650 1171 recepto
668 1103 765 1168 animo,
785 1103 882 1169 Paene,
902 1105 993 1172 inquit,

73 1172 189 1242 militae,
210 1173 348 1226 bominum
368 1173 469 1226 scelere
487 1172 562 1225 vobis
580 1180 687 1240 ereptus
705 1188 780 1224 sum:
800 1171 893 1224 denm³
910 1174 994 1240 provi·

1 1295 2 1302 ,
74 1241 174 1294 dentia
197 1252 223 1295 et
247 1243 426 1295 misericordia
446 1244 514 1296 vivo.
550 1243 765 1311 Conspectusque
785 1242 866 1293 vestri
887 1259 994 1294 venera·

75 1310 156 1363 bilis⁴
179 1314 273 1380 cc'e'git,
295 1321 324 1366 ut
343 1311 532 1366 vehementius
554 1311 692 1381 parricidis
715 1312 849 1380 irascerer,
869 1313 993 1380 quoniam

75 1381 250 1451 praecipuus,
263 1382 347 1435 immo
364 1399 433 1434 unus
445 1383 515 1435 vitae
531 1397 609 1434 meae
622 1381 724 1432 fructus
736 1389 784 1449 est,
798 1391 835 1434 tot
848 1381 996 1434 fortissimis

75 1451 146 1502 viris
159 1461 185 1503 et
198 1451 232 1503 de
245 1469 289 1504 me
310 1452 409 1521 optime
429 1452 530 1504 meritis
549 1451 646 1502 referre
666 1449 755 1503 adbuc
774 1453 886 1517 gratiam
908 1469 993 1520 posse.

76 1519 224 1589 Interrupit
243 1523 387 1574 orationem
408 1521 523 1573 militum
541 1521 665 1589 gemitus,
679 1519 840 1589 obortaeque
859 1531 920 1573 sunt
939 1537 995 1574 om·

78 1589 164 1642 nibus
193 1590 328 1643 lacrimae.
373 1591 442 1643 Tum
473 1607 525 1659 rex,
551 1591 662 1658 Quanto,
687 1589 780 1658 inquit,
807 1590 935 1659 majorem
966 1590 992 1643 in

77 1660 180 1712 animis
199 1661 295 1714 vestris
315 1670 416 1714 motum
437 1660 565 1729 excitabo,
579 1675 642 1712 cum
661 1661 726 1711 tanti
747 1659 857 1712 sceleris
873 1669 996 1712 auctores

78 1728 241 1783 ostendero!
262 1747 374 1799 quorum
387 1730 551 1783 mentionem
564 1727 653 1781 adhuc
665 1727 814 1797 reformido,
826 1739 853 1782 et
866 1739 994 1798 tanquam

79 1799 150 1850 salvi
171 1815 231 1850 esse
255 1799 363 1868 possint,
385 1798 536 1852 nominibus
558 1798 686 1851 abstineo.
732 1797 784 1850 Sed
805 1799 935 1851 vincenda
955 1809 996 1852 est

78 1869 215 1920 memoria
235 1870 362 1938 pristinae
382 1869 505 1936 caritatis,
519 1877 546 1920 et
565 1868 709 1936 conjuratio
730 1866 868 1935 impiorum
894 1869 995 1923 civium

78 1937 244 2004 detegenda.
281 1938 417 1997 Quomodo
440 1948 531 1991 autem
555 1945 658 1989 tanturn
683 1935 760 1988 nefas
783 1935 898 1990 sileam?
935 1938 996 1990 Par-

78 2008 182 2076 meni0,
196 2005 241 2060 illa
253 2018 349 2076 aetate,
363 2017 401 2060 tot
413 2009 488 2075 meis,
503 2017 540 2060 tot
552 2006 669 2076 parentis
681 2005 736 2058 mei
749 2005 852 2058 meritis
864 2007 994 2074 devictus,

79 2077 204 2128 omnium
228 2077 305 2130 nobis
328 2077 475 2130 amicorum
500 2075 701 2142 vetustissimus,
726 2075 824 2127 ducem
850 2093 879 2128 se
903 2076 996 2128 sceleri

80 2155 155 2197 tanto
168 2147 297 2214 praebuit.
333 2147 455 2200 Minister
472 2147 531 2216 ejus
549 2145 666 2199 Philotas
684 2143 844 2198 Peucolaum
857 2154 883 2197 et
902 2147 997 2198 Deme·

79 2215 164 2268 trium
188 2225 214 2268 et
238 2215 310 2270 hunc
333 2217 468 2284 Dimnum,
489 2215 565 2284 cujus
584 2232 678 2285 corpus
696 2214 821 2284 aspicitis,
841 2223 998 2285 ceterosque

80 2283 208 2354 ejusdem
220 2287 361 2354 amentiae,
376 2286 401 2338 in
415 2295 495 2354 caput
507 2301 599 2338 meum
611 2285 772 2338 subornavit.

117 2359 161 2405 33.
181 2355 315 2408 Fremitus
339 2355 455 2424 undique
480 2355 672 2422 indignantium
696 2355 918 2424 querentiumque
943 2364 998 2408 tota

80 2424 206 2476 contione
235 2425 412 2494 obstrepebat,
443 2424 528 2493 qualis
562 2425 629 2477 solet
668 2441 727 2478 esse
757 2424 939 2494 multitudinis,
971 2436 998 2478 et

81 2496 204 2546 maxime
226 2495 357 2563 militarie,
382 2495 427 2546 ubi
450 2504 495 2547 aut
522 2494 610 2546 studio
632 2495 726 2563 agitur,
750 2505 796 2546 aut
826 2495 872 2546 ira.
920 2497 998 2548 Nico·

81 2563 199 2615 machus
209 2563 308 2616 deinde
327 2573 353 2616 et
370 2565 475 2616 Metron
494 2570 521 2616 et
539 2564 682 2618 Cebalinus
699 2564 826 2632 producti,
840 2581 908 2632 quac
927 2565 999 2634 qnis-

80 2649 136 2700 que
161 2633 293 2686 detulerat
316 2643 459 2702 exponunt.
506 2634 614 2687 Nullius
639 2651 731 2686 eorum
760 2632 857 2686 indicio
882 2634 999 2687 Philotas

81 2704 218 2770 particeps
230 2703 338 2756 sceleris
350 2701 551 2756 destinabatur.⁵
586 2703 686 2772 ltaque,
698 2701 879 2770 indignatione
898 2719 997 2769 pressa,

82 2788 135 2824 vox
154 2771 272 2824 indicum
292 2773 396 2824 silentio
414 2783 526 2842 excepta
543 2784 591 2825 est.
628 2774 699 2825 Turn
717 2787 770 2839 rex,
790 2769 891 2838 Qualis,
905 2771 997 2840 inquit,

82 2857 147 2908 ergo
171 2841 254 2893 animi
277 2842 352 2894 vobis
375 2842 485 2910 videtur,
507 2843 551 2912 qui
577 2841 653 2910 hujus
674 2842 711 2892 rei
732 2839 849 2891 delatum
870 2838 997 2894 indicium

114 2944 216 2992 ²Plural
224 2947 282 2992 verb
292 2945 351 2992 with
359 2945 499 3006 singulares
506 2945 631 2993 collective
641 2959 712 2991 noun.
735 2919 902 2994 &craia—t
912 2925 997 3004 uttst.

84 3003 149 3052 Corn
168 3019 208 3051 ere
220 3021 234 3052 a
245 3005 337 3052 similar
348 3005 464 3059 instance,
477 3005 508 3052 iv.
521 3008 557 3052 ⁴5.

112 3069 138 3093 ¹‘
174 3060 998 3170 nlessprevicuslytheirexpressedopinicnhadprevsiledandbeen

82 3122 208 3230 approved
227 3139 241 3170 o

82 3198 97 3230 ⁰
113 3197 241 3288 'lllldrlllris'
252 3240 322 3296 form,
335 3255 376 3288 ses
390 3241 470 3288 Graan.
482 3240 496 3290 b
508 3243 544 3295 58,
558 3251 614 3288 note
626 3243 648 3286 5.

113 3299 206 3347 “The
223 3300 350 3347 venerable
370 3300 434 3360 sight
454 3298 481 3345 of
499 3313 546 3358 you
556 3300 577 3346 :’‘
590 3301 672 3354 vestri,
691 3298 731 3348 the
749 3301 868 3360 objectiva
884 3303 999 3362 genitive.

89 3359 240 3408 Venerabilis
256 3360 276 3406 is
289 3359 372 3420 joined
388 3370 413 3406 to
423 3367 567 3420 conspectas,
581 3357 672 3420 though
684 3358 701 3408 it
712 3360 733 3408 is
744 3359 856 3420 properly
866 3376 896 3408 an
907 3362 999 3421 epithet

254 3123 267 3170 .’
300 3123 363 3171 This
380 3124 400 3170 ie
417 3124 441 3171 in
457 3123 499 3170 the
510 3123 614 3183 genuine
627 3121 722 3169 Roman
732 3137 804 3169 sense
817 3123 857 3171 the
867 3125 999 3174 aanoritos

1 3443 3 3452 r
83 3418 113 3468 oi
125 3419 167 3466 the
179 3417 290 3466 soldiere.

114 3487 123 3509 ¹
135 3483 141 3504 ‘
151 3479 215 3525 Was
226 3478 346 3526 indicated
357 3495 383 3526 or
394 3476 492 3538 pointed
502 3487 544 3525 out
555 3477 599 3526 aa!
