2294 3842
155 191 214 246 ato
420 202 458 242 us
481 203 588 243 ossurs
610 201 794 242 uuaxssoru.

155 331 202 368 nos
218 314 282 384 jube
300 311 369 378 duci,
383 321 420 381 ut,
432 311 501 381 quod
520 328 553 364 ex
571 321 617 364 tua
634 321 720 364 morte
737 311 904 382 petieramus,
916 325 1072 380 consequa·

154 401 214 437 mur
227 399 261 436 ex
273 383 379 435 nostra.¹
416 381 489 434 llaec
502 380 667 433 Hermolaus.

189 457 229 506 26.
249 454 283 504 At
302 467 365 504 rex:
389 451 476 510 Quam
495 450 562 503 salsa
579 451 639 520 sint,
659 450 751 519 inquit,
771 467 840 519 quae
864 450 914 501 iste
934 448 1036 502 tratlita
1053 465 1070 500 a

154 523 278 590 magistro
290 538 338 574 suo
350 521 423 590 dixit,
437 520 566 590 patientia
583 537 645 572 mea
663 519 785 572 ostendit.
821 519 978 572 Confessum
993 518 1068 570 euim

153 592 276 644 ultimum
290 590 402 661 lacinus,
416 599 506 643 tamen
519 607 569 642 non
583 589 668 641 solum
687 589 784 658 audivi,
797 589 844 642 sed
857 597 885 641 ut
897 588 948 657 ipsi
960 587 1068 640 audire-

153 663 194 727 tis,
214 661 340 730 expressi,
360 677 411 712 non
430 659 591 730 imprudens,
610 675 673 711 cum
692 675 874 728 permisissem
892 657 986 710 latroni
1005 655 1068 709 huic

152 731 249 798 dicere,
263 731 373 782 usurum
390 746 454 782 eum
473 729 551 797 rabie,
564 746 618 798 qua
636 728 790 797 compulsus
807 737 856 796 est,
870 736 898 778 ut
915 743 970 796 me,
984 743 1066 796 quem

152 801 269 870 peremis
292 800 349 852 loco
372 799 458 852 colere
482 797 600 867 deberet,
622 796 703 849 vellet
722 795 854 850 occidere.
889 797 983 864 Nuper
1004 812 1067 850 cum

153 869 289 940 procacius
307 887 336 920 se
355 869 383 921 in
401 869 541 921 venatione
558 867 693 936 gessisset,
707 883 778 920 more
797 866 888 936 patrio,
902 875 928 918 et
946 864 982 917 ab
1002 865 1068 916 auti·

171 939 287 992 uissimis
306 937 481 993 Macedoniae
501 938 604 1006 regum²
621 948 753 1006 usurpato,
767 935 889 1003 castigari
908 952 972 988 euru
990 933 1066 1004 jussi.
1136 951 1137 956 ¹

152 957 208 1062 idue
232 1019 259 1060 et
282 1016 383 1078 oportet
406 1007 472 1076 fieri,
497 1016 524 1059 et
547 1008 587 1059 ut⁸
609 1023 625 1058 a
649 1007 778 1059 tutoribus
801 1005 900 1074 pupilla,
924 1021 942 1056 a
965 1004 1067 1056 maritis

151 1093 253 1148 uxores,
267 1078 351 1130 servis
369 1093 473 1146 quoque
490 1092 587 1158 pueros
604 1075 684 1145 hujus
700 1077 796 1128 aetatis
814 1075 954 1128 verberare
973 1090 1067 1126 conce·

151 1147 247 1200 dimus.
283 1147 358 1198 Haec
370 1155 410 1200 est
423 1147 536 1198 saevitia
554 1147 580 1198 in
599 1146 686 1216 ipsum
704 1162 774 1214 mea,
806 1161 868 1196 uam
886 1143 971 1213 impia
982 1141 1067 1196 caede

151 1217 233 1269 voluit
257 1215 358 1268 ulcisci.
405 1215 477 1280 Nam
501 1216 526 1267 in
551 1224 660 1283 ceteros,
685 1215 730 1284 qui
753 1161 820 1268 mdo
843 1215 1001 1283 permittunt
1030 1213 1066 1266 uti

151 1286 255 1354 ingenio
267 1302 335 1355 meo,
349 1301 431 1355 quam
443 1285 516 1336 mitis
527 1285 586 1353 sim,
601 1301 651 1337 non
666 1284 796 1353 ignoratis,
810 1292 837 1336 et
855 1299 1067 1336 commemorare
1136 1289 1137 1296 ³

151 1372 346 1425 supervacuum
373 1363 423 1407 est.
471 1354 614 1406 Hermolao
639 1353 829 1423 parricidarum
856 1352 989 1422 supplicia
1015 1368 1066 1404 nou
1135 1347 1137 1356 ’

150 1424 262 1494 probari,
276 1441 339 1476 curu
352 1425 449 1476 eadem
462 1423 519 1493 ipse
537 1423 672 1492 meruerit,
685 1423 796 1476 minime
815 1421 924 1476 hercule
942 1421 1065 1474 admiror.
1136 1479 1137 1484 η

149 1495 221 1547 Nam
244 1509 308 1546 curn
332 1493 535 1546 Parmenionem
559 1502 586 1547 et
610 1492 741 1546 Philotam
771 1491 869 1557 laudat,
895 1508 962 1544 suae
986 1489 1066 1544 servit

149 1581 255 1616 causae.
292 1563 442 1632 Lyncesten
463 1579 525 1615 vero
549 1562 731 1615 Alexandrum
750 1561 792 1614 bis
813 1561 968 1614 insidiatum
986 1560 1066 1630 capiti

150 1650 210 1685 meo
222 1651 238 1686 a
250 1632 355 1685 duobus
372 1631 504 1686 indicibus
521 1631 639 1702 liberavi,
652 1647 741 1684 rursus
759 1631 914 1687 convictum
933 1647 981 1700 per
993 1630 1065 1684 bieo-
1136 1689 1137 1700 ξ

150 1704 223 1755 nium
238 1711 326 1754 tamen
336 1700 427 1755 distuli
435 1718 443 1772 ;
461 1701 546 1755 donec
558 1719 606 1754 vos
617 1700 793 1771 postularetis,
808 1709 836 1752 ut
848 1700 959 1752 tandem
972 1699 1064 1753 debito
1136 1745 1137 1752 ,

149 1771 278 1841 supplicio
292 1771 381 1824 scelus
398 1771 492 1824 lueret.
528 1771 649 1825 Attalum
667 1779 812 1840 antequam
830 1785 879 1822 rex
895 1787 994 1839 essem,
1008 1769 1064 1822 hos

151 1843 216 1894 tern⁴
238 1857 300 1894 meo
324 1841 405 1912 capiti
432 1841 515 1895 luisse
542 1841 712 1894 meministis.
759 1839 843 1892 Clitus
870 1839 975 1892 utinam
1005 1841 1064 1892 non⁵
1136 1895 1137 1900 ,

149 1911 281 1980 coeglsset
293 1929 338 1964 me
357 1911 408 1966 sibi
426 1911 512 1964 irasci.
548 1910 630 1980 Cujus
647 1909 817 1962 temerariam
836 1907 954 1978 linguam
973 1908 1064 1978 probra
1136 1909 1137 1914 ’

149 1980 263 2034 dicentis
285 1981 353 2036 mihi
377 1990 404 2034 et
427 1980 503 2033 vobis
526 1979 625 2032 diutius
648 1978 705 2048 tuli,
726 1995 808 2048 quam
830 1978 876 2030 ille
899 1978 998 2032 eadem
1021 1995 1064 2032 me

148 2049 284 2106 dicentem
314 2049 428 2104 tulisset.
475 2051 577 2118 Regum
607 2049 760 2118 ducumque
787 2047 933 2102 clementia
960 2065 1012 2102 non
1038 2047 1063 2102 in
1135 2051 1137 2096 l

149 2121 264 2190 ipsorum
278 2121 364 2190 modo,
378 2119 426 2172 sed
445 2119 526 2172 etiarn
539 2118 564 2170 in
578 2117 692 2187 illorum,
704 2118 751 2187 qui
769 2128 869 2188 parent,
883 2116 1001 2187 ingeniis
1016 2118 1064 2170 sita

148 2199 195 2242 est.
233 2191 367 2261 Obsequio
386 2189 539 2258 mitigantur
559 2187 687 2258 imperia:
708 2187 755 2240 ubi
771 2203 835 2240 vero
849 2188 1001 2240 reverentia
1021 2205 1064 2240 ex·

148 2261 228 2312 cessit
246 2261 351 2328 animis,
365 2268 392 2311 et
411 2275 516 2312 summa
533 2257 594 2311 imis
611 2255 819 2328 confundimus,⁶
836 2257 862 2309 vi
881 2274 950 2326 opus
967 2267 1017 2328 est,
1037 2266 1063 2310 ut
1135 2279 1137 2310 ε

148 2327 202 2380 sim
218 2328 385 2398 repellamus.
1135 2337 1137 2396 ᾗ

184 2402 224 2449 27.
244 2398 296 2451 Sed
309 2397 373 2466 quid
387 2413 437 2464 ego
449 2397 536 2466 mirer,
549 2396 630 2450 istum
648 2395 832 2460 crudelitatem
844 2394 911 2448 mihi
921 2394 1063 2466 objecisse,
1135 2399 1137 2414 '

148 2467 193 2536 qui
209 2466 350 2518 avaritiam
368 2466 525 2535 exprobrare
542 2481 623 2518 ausus
641 2466 694 2518 sitl
729 2465 797 2519 Nolo
816 2464 933 2534 singulos
945 2475 1064 2518 vestrum

148 2639 188 2676 not
201 2629 234 2688 by
245 2627 414 2687 punishments
430 2626 522 2675 burdeu
532 2643 599 2676 more
609 2627 724 2688 heavily.'
757 2628 820 2676 This
831 2627 913 2676 would
925 2628 988 2677 have
1001 2631 1061 2678 beau

150 2687 190 2736 the
202 2688 316 2748 meaning
328 2687 387 2734 with
399 2704 447 2734 non
454 2705 464 2744 5
482 2689 526 2734 but
538 2687 604 2736 since
616 2703 653 2735 we
665 2687 726 2735 have
737 2703 775 2742 ne,
787 2702 825 2734 we
837 2697 903 2735 must
914 2688 1062 2738 understand

149 2747 201 2796 that
213 2747 254 2795 the
266 2747 369 2807 speaker
379 2746 485 2806 changes
496 2745 557 2794 srom
569 2747 609 2794 the
621 2756 752 2794 statement
761 2745 789 2794 of
796 2762 809 2794 a
820 2745 868 2794 lact
880 2747 931 2794 into
939 2763 1061 2808 aprayer:

152 2807 250 2866 ‘Spore
264 2805 310 2855 und
323 2805 354 2854 do
365 2815 407 2854 not
418 2804 510 2854 burden
521 2821 587 2854 more
596 2805 693 2866 heuvily
703 2805 766 2854 their
776 2804 892 2854 childless
903 2806 945 2854 old
955 2808 1018 2868 aga!

179 2887 185 2908 ¹
195 2879 343 2940 Beautifully
354 2877 401 2928 and
412 2878 514 2939 lorcibly
525 2877 669 2938 expressed3
689 2877 756 2927 ‘that
767 2891 805 2926 we
815 2893 871 2939 may
882 2881 966 2929 obtain
976 2882 1011 2942 by
1020 2895 1061 2928 our

149 2954 205 2985 own
213 2939 285 2986 death
295 2939 360 2986 what
369 2955 406 2986 we
416 2939 463 2986 had
473 2937 561 2999 sought
572 2939 605 2998 by
616 2937 683 2986 thiue
691 2938 708 2995 ;’
718 2938 825 2998 namely,
838 2937 991 2988 deliverance
1002 2940 1060 2989 from

150 2998 288 3058 indignities
299 2999 346 3046 and
357 2998 455 3060 misery.

152 3070 391 3183 Gzssffiegpbpkppuld
400 3072 461 3119 have
472 3071 535 3118 baeu
543 3084 608 3118 more
617 3068 745 3130 according
755 3079 781 3117 to
791 3069 862 3118 usual
870 3071 984 3130 practice.
1016 3071 1057 3120 See

178 3199 187 3222 ³
198 3191 288 3241 Unless
298 3191 334 3241 lor
345 3203 371 3241 ut
383 3209 420 3242 we
431 3193 588 3254 coadjuvant,
600 3197 828 3244 commortuum
844 3195 875 3242 ba
892 3193 967 3244 taken
982 3205 1023 3244 out
1033 3192 1058 3242 ol

150 3253 190 3346 thp
200 3251 319 3364 ¹irppinitiue
331 3256 456 3339 verlepare.

180 3331 416 3433 ·Moigncdd1⁹rdidrly
427 3391 464 3422 ne.
497 3375 543 3424 See
557 3377 638 3424 Grom.
651 3376 665 3428 b
676 3379 729 3434 3⁵0,
742 3387 798 3425 note
811 3381 831 3424 l.

177 3445 263 3495 l'l'hut
270 3448 300 3504 is,
313 3446 400 3494 ‘when
406 3461 442 3494 we
450 3447 521 3494 make
528 3463 560 3496 no
566 3448 696 3498 differenoe
706 3453 817 3499 between
825 3449 884 3510 king
891 3450 941 3500 oud
948 3450 1058 3512 subjeu!
