2294 3842
480 195 572 236 traua
595 197 624 235 x.
944 179 1003 236 2⁹0

115 305 166 353 had
177 305 248 353 been
257 305 371 368 poisoned
378 308 412 370 by
421 305 503 364 Iollas,
512 305 554 354 the
563 305 642 354 sonos
647 304 783 367 Antipater.
800 304 1003 354 Theembalmed

116 371 185 434 body
195 371 220 418 is
234 373 311 419 talren
329 373 361 434 by
372 372 485 434 Ptolemy
495 376 520 419 to
538 371 669 433 Memphis,
680 371 729 418 end
741 371 883 420 alternards
894 377 920 420 to
931 371 1004 420 Alex·

115 437 219 494 andria,
232 437 315 485 where
327 437 360 485 all
372 437 497 486 bonomia
509 437 566 499 paid
577 443 603 484 to
614 437 641 484 it.

84 565 182 620 lrsumu
206 566 267 618 lere
286 567 384 621 diebus
403 566 533 620 Cleander
553 576 580 618 et
599 566 710 619 Sitalces
730 575 756 619 st
776 583 837 620 cum
859 565 1002 636 Agathone

83 635 211 689 Heracon
235 637 432 706 superveniunt,
472 635 499 688 ui
519 636 722 689 Parmenionem
745 635 819 705 jussu
843 637 914 704 regis
933 636 1001 690 occi·

83 703 187 775 derant,
202 705 325 778 quinque
336 706 410 760 milia
421 654 542 775 pediturn
561 722 622 758 cum
638 705 772 774 equitibus
784 705 875 778 mille.l
910 705 961 760 Sed
975 715 1002 760 et

84 783 266 827 accusatores
286 793 332 827 eos
350 793 365 827 e
385 775 527 844 provincia,
549 774 592 827 cui
612 774 787 844 praefuerant,
807 776 1002 844 sequebantur,

83 860 133 896 nec
165 853 206 896 tot
239 844 364 914 facinora,
390 854 453 914 quot
482 843 649 913 admiserant,
679 861 850 914 compensare
880 855 1002 913 poterant

83 913 178 966 caedis
190 930 326 984 perquam
339 923 429 982 gratae
448 913 501 981 regi
521 913 674 966 ministerio.
710 914 814 983 Quippe
832 931 893 966 cum
912 917 1002 968 omnia

83 983 197 1051 prolana
211 983 378 1054 spoliassent,
393 999 426 1036 ne
439 983 521 1036 sacris
538 983 646 1052 quidem
664 983 863 1054 abstinuerant,²
874 982 1001 1052 virgines·

83 1068 136 1120 que
163 1061 191 1106 et
218 1053 355 1123 principes
378 1053 545 1122 seminarum,
570 1062 660 1121 stupra
689 1069 838 1122 perpessae,
863 1069 1000 1122 corporum

83 1120 203 1176 ludibria
229 1121 373 1174 deflebant.
421 1123 541 1176 Invisum
564 1121 745 1176 Macedonum
768 1139 866 1176 nomen
888 1123 1001 1176 avaritia

84 1206 180 1244 eorum
193 1208 229 1244 ac
242 1191 324 1244 libido
336 1191 456 1246 barbaris
468 1191 575 1245 lecerat.
612 1191 683 1244 lnter
693 1208 787 1244 omnes
798 1200 888 1246 tamen
901 1193 1001 1247 emine·

84 1259 130 1312 bat
143 1260 275 1312 Cleandri
292 1261 369 1330 furor,
382 1263 428 1330 qui
440 1261 558 1314 nobilem
571 1259 700 1328 virginem
717 1269 912 1331 constupratam
925 1279 1002 1314 servo

84 1346 131 1382 suo
155 1330 290 1399 pellicem
309 1329 428 1383 dederat.
472 1330 595 1398 Plerique
615 1330 761 1384 amicorum
782 1331 924 1384 Alexandri
949 1349 1000 1384 non

87 1408 141 1452 tam
160 1400 401 1480 criminum,quae
419 1399 507 1469 palam
525 1399 723 1470 objiciebantur,
735 1401 906 1469 atrocitatem,
920 1418 1001 1469 quam

85 1471 251 1522 memoriam
269 1485 350 1522 occist
368 1486 415 1538 per
433 1469 492 1522 illos
509 1469 700 1538 Parmenionis,
719 1469 789 1539 quod
808 1471 927 1523 tacitum³
945 1487 1000 1540 pro·
1045 1531 1047 1534 ¹
1099 1471 1102 1474 ’

85 1536 166 1590 desse
194 1539 249 1592 reis
269 1538 340 1608 apud
358 1555 449 1606 regem
469 1547 578 1608 poterat,
600 1538 775 1609 intuebantur,
796 1539 858 1592 laeti
877 1540 1002 1594 recidisse

86 1605 152 1660 iram
176 1609 206 1660 in
227 1608 283 1659 irae
301 1608 441 1676 ministros,
462 1625 513 1660 nec
532 1607 615 1660 ullam
634 1608 780 1678 potentiam
799 1609 901 1662 scelere
921 1626 1002 1678 quae·

85 1676 169 1729 sitam
183 1677 313 1746 cuiquam
325 1695 384 1729 esse
398 1677 558 1730 diuturnam.
594 1679 651 1731 Rex
668 1677 773 1746 cognita
791 1696 872 1732 causa
890 1696 1002 1748 pronun-

86 1745 173 1817 tiarit,
190 1747 229 1799 ab
247 1746 445 1800 accusatoribus
464 1763 545 1798 unum
567 1755 593 1798 et
609 1747 636 1800 id
654 1747 802 1800 maximum
822 1747 922 1800 crimen
942 1765 1002 1802 esse

87 1817 276 1885 praeteritum,
302 1815 515 1884 desperationem
540 1816 633 1868 salutis
657 1833 721 1869 suae
730 1818 748 1868 :⁴
770 1831 905 1884 nunquam
929 1818 1003 1870 enim

84 1883 152 1953 ¹talia
176 1888 309 1954 ausuros,5
332 1885 376 1955 qui
400 1887 486 1954 ipsum
507 1903 542 1938 ex
561 1885 636 1938 lndia
656 1885 781 1954 sospitem
801 1895 847 1937 aut
866 1895 1002 1954 optassent

88 1957 196 2022 reverti,
211 1963 257 2008 aut
269 1954 443 2008 credidissent
462 1971 637 2008 reversurum.
673 1955 754 2022 igitur
766 1954 814 2007 hos
825 1954 934 2023 quidem
947 1955 1002 2008 vin-

88 2023 133 2094 xit,
148 2025 197 2078 DC
208 2034 300 2078 autem
313 2023 445 2092 militum,⁶
457 2024 502 2093 qui
515 2024 642 2076 saevitiae
654 2041 746 2077 eorum
763 2023 876 2076 ministri
890 2024 1001 2094 fuerant,

89 2092 205 2148 interfici
215 2094 301 2164 jussit.
331 2093 434 2148 Eodem
443 2093 487 2146 die
497 2103 680 2162 sumptumest
689 2092 848 2162 suppliciunt
857 2092 891 2144 de
901 2093 932 2144 iis
940 2111 1002 2162 quo-

90 2179 151 2234 que,
165 2181 234 2234 quos
246 2171 368 2216 auctores
378 2163 535 2216 delectionis
548 2163 687 2216 Persarum
700 2163 822 2216 Craterus
833 2163 988 2217 adduxerat.

125 2237 149 2285 2.
172 2233 251 2286 Haud
271 2233 352 2286 multo
371 2241 428 2303 post
445 2231 585 2286 Nearchus
596 2242 622 2284 et
636 2233 804 2300 Onesicritus,
817 2249 882 2302 quos
900 2232 1003 2301 longius

90 2301 116 2354 in
137 2304 278 2356 Oceanum
298 2303 440 2371 procedere
464 2300 584 2370 jusserat,
607 2302 803 2371 superveniunt.
838 2302 1003 2356 Nuntiabant

91 2381 185 2426 autem
196 2373 331 2440 quaedam
348 2372 447 2439 audite,
461 2371 513 2424 alia
525 2381 675 2440 comperta:
697 2368 812 2427 insulam
830 2373 897 2425 ostio
915 2373 1002 2426 amnis

90 2440 245 2509 subjectam
267 2459 329 2494 auro
348 2441 492 2510 abundare,
515 2443 621 2511 inopem
641 2459 768 2511 equorum
789 2459 865 2496 esse:
887 2443 1003 2510 singulos

90 2525 137 2562 eos
161 2512 198 2564 ab
222 2513 260 2580 iis,
285 2511 331 2580 qui
355 2527 390 2564 ex
411 2511 556 2564 continenti
586 2511 706 2581 trajicere
733 2512 869 2582 auderent,
894 2512 1003 2580 singulis

92 2579 200 2633 talentis
218 2581 280 2634 emi.
317 2579 430 2634 Plenum
448 2597 507 2632 esse
525 2577 663 2634 beluarum
682 2599 770 2634 mare:
791 2592 867 2634 aestu
886 2581 1002 2634 secundo

121 2699 197 2747 ¹The
213 2701 315 2746 number
331 2698 359 2746 ol
370 2699 411 2766 the
428 2707 509 2766 troops
522 2699 602 2747 which
619 2699 660 2747 the
676 2699 787 2760 generals
802 2699 850 2748 had
861 2699 932 2760 along
942 2699 1002 2749 with

93 2755 161 2806 them
173 2757 194 2806 is
205 2757 261 2805 here
273 2757 358 2817 placed
369 2773 393 2804 tn
404 2759 538 2818 appositmn
549 2769 574 2806 to
585 2759 648 2806 their
659 2774 750 2806 names.

120 2818 240 2866 'Sacrum
251 2826 271 2864 et
278 2819 412 2878 profanum,
426 2817 522 2877 exactly
535 2817 576 2864 the
593 2817 695 2877 English
709 2819 807 2864 ‘sacred
823 2816 870 2865 ond
883 2816 999 2876 profane,’

92 2889 132 2946 are
144 2875 252 2935 opposed
267 2886 292 2924 to
307 2876 368 2924 each
383 2875 453 2932 other
464 2876 529 2935 quite
546 2877 571 2924 in
587 2876 627 2924 the
641 2891 708 2925 same
720 2890 774 2935 way
785 2892 812 2924 as
820 2879 939 2938 publicum
954 2876 1002 2925 end

90 2945 370 3080 pllv‘alllnlllleptionedff,
386 2991 497 3100 ffccitom
507 3009 563 3100 map
573 2996 603 3041 be
615 2993 692 3100 pither
710 2993 778 3067 ‘that
789 2994 869 3043 which
885 2995 943 3044 does
959 3005 1001 3044 not

93 3053 310 3173 ⁸lllllllhlhgrgirlllligl
318 3053 389 3170 tlhhlcf
400 3069 434 3159 all
443 3063 595 3170 giisclllltihllr
603 3069 664 3180 llllat
669 3110 699 3159 he
712 3111 793 3162 would
803 3114 894 3162 romain
905 3113 986 3182 alive'¹

123 3171 191 3219 ‘For
205 3188 306 3220 ausuros
316 3173 417 3232 faiam
435 3186 515 3218 arare
531 3171 632 3230 ellipsis,
645 3186 711 3218 since
728 3173 824 3232 usually
840 3173 898 3234 only
914 3190 965 3221 erse
980 3189 1001 3222 rs

94 3231 195 3278 omitted
206 3231 231 3278 in
241 3230 282 3278 the
293 3229 371 3278 future
383 3229 500 3277 infinitiva
512 3231 598 3286 active,
609 3230 656 3278 and
667 3228 757 3290 perfect
767 3232 883 3280 infinitiva
895 3232 999 3292 passive.

95 3287 123 3338 lu
134 3290 175 3362 ¹l¹⁰
187 3290 262 3338 direct
274 3289 363 3360 speech
379 3288 420 3336 the
432 3299 551 3394 ppntence
563 3289 645 3338 would
655 3289 716 3338 have
732 3291 795 3340 been
805 3309 927 3353 nunquam
940 3293 1001 3340 tolie

95 3355 436 3476 aulll'elllelil’rtilillilzleillllle
448 3363 509 3475 aller
519 3407 641 3456 numerals
652 3407 673 3458 is
689 3419 730 3460 not
745 3409 890 3472 unfrequent
901 3409 927 3459 in
937 3409 1000 3460 Cur·

95 3473 151 3516 trus.
182 3467 239 3526 See,
251 3466 288 3515 sor
298 3465 419 3526 example,
432 3481 464 3515 ri.
478 3469 513 3515 19.
781 3479 785 3488 ·
