2322 3850
155 193 195 252 ‘ld
425 207 465 246 os
488 204 596 246 essars
619 203 805 244 saexsuum.

157 316 192 370 ad
204 316 331 386 quietem,
344 315 392 368 sed
404 305 646 384 ad‘praeparandos
657 311 768 381 animos,
782 311 878 364 diebus
895 310 966 364 datis
983 310 1072 392 militi,

158 395 264 438 strenue
286 384 388 436 hostem
410 384 514 452 insequi
535 381 628 450 eoepit,
650 390 779 450 metuens,
801 399 835 433 ne
855 382 979 434 interiora
999 397 1074 450 regau

158 455 199 508 sui
223 462 333 523 peteret,
358 453 562 523 sequendusque
587 459 658 504 esset
682 467 728 518 per
751 450 809 502 loca
832 452 904 504 omni
929 450 1073 504 solitudine

158 533 239 592 atque
253 523 341 592 inopia
352 535 435 576 vasta.
472 523 554 589 Igitur
572 529 664 590 quarto
683 519 726 571 die
745 529 849 588 praeter
866 520 974 574 Arbela¹
992 535 1073 589 pene·

159 601 209 645 trat
233 591 267 644 ad
291 593 390 660 Tigrin.
426 592 492 644 Tota
512 589 673 658 regioultra
696 607 804 642 amnem
829 590 928 642 recenti
951 589 1074 644 fumabat

159 661 298 716 incendio:
317 662 414 741 quippe
433 661 570 728 Mazaeus,
590 675 765 728 quaecunque
782 659 891 728 adierat,
905 659 976 711 haud
995 676 1075 712 secus

158 733 251 854 quam²
264 733 345 783 hostis
364 730 464 784 urebat.
501 731 541 782 Ac
559 729 644 798 primo
663 727 784 797 caligine,
798 746 878 797 quarn
898 729 989 781 sumus
1007 729 1074 782 ellu-

179 811 242 869 erat,
261 801 418 854 obscurante
438 800 534 867 lucem,
554 798 708 850 insidiarum
728 807 800 850 metu
821 798 954 852 substitit:
976 797 1074 851 deinde

159 879 188 924 ut
212 870 391 940 speculatores
412 868 551 939 praemissi
574 877 629 919 tute
651 866 740 918 omnia
761 868 954 938 nuntiaverunt,
977 885 1076 938 paucos

160 940 280 1010 equitum
301 939 333 992 ad
359 939 544 1008 temptandum
563 939 661 988 vadum
683 936 801 989 fluminis
821 937 971 1007 praemisit:
998 937 1076 1007 cujus

159 1009 272 1062 altitudo
284 1009 368 1078 primo
381 1024 487 1061 summa
504 1023 632 1076 equorum
650 1015 766 1074 pectora,
779 1023 846 1073 mox,
861 1017 889 1058 ut
908 1007 932 1059 in
952 1009 1075 1061 medium

160 1079 266 1132 alveum
290 1090 401 1131 ventum
422 1085 469 1146 est,
490 1075 609 1129 cervices
628 1092 733 1144 quoque
753 1076 895 1144 aequabat.
931 1077 991 1128 Nec
1010 1093 1075 1132 saue

160 1149 230 1205 alius
248 1147 282 1200 ad
300 1148 414 1202 Orientis
432 1145 539 1216 plagam
557 1155 611 1198 tam
631 1143 762 1196 violentus
779 1145 917 1215 invehitur,
931 1145 1076 1203 multorum

162 1218 313 1273 torrentium
327 1234 376 1270 non
390 1233 473 1286 aquas
490 1216 584 1285 solum,
598 1213 645 1268 sed
664 1214 743 1266 etiam
764 1231 827 1266 saxa
845 1231 938 1268 secum
958 1218 1075 1269 trahens.

161 1287 254 1356 ltaque
274 1303 290 1338 a
308 1287 453 1356 celeritate,
474 1303 528 1365 qua
547 1284 648 1353 defluit,
669 1282 753 1352 Tigri³
773 1301 870 1336 nomen
890 1293 931 1337 est
950 1285 1075 1355 inditum,

161 1357 224 1426 quia
236 1355 342 1408 Persica
354 1356 444 1423 lingua
458 1353 483 1407 T
482 1373 491 1406 r
530 1355 551 1406 'n
565 1355 688 1422 sagittam
699 1353 842 1423 appellant.

197 1429 239 1477 38.
258 1424 339 1491 lgitur
351 1425 442 1495 pedes,
457 1433 529 1476 veut
547 1423 649 1476 divisus
662 1422 688 1474 in
700 1439 804 1491 cornua,
819 1422 983 1476 circumdato
1002 1423 1076 1495 equi-

162 1496 238 1562 tatu,⁴
249 1493 343 1545 levatis
355 1511 434 1564 super
446 1494 533 1562 capita
544 1493 634 1561 armis,
643 1493 713 1544 baud
727 1509 806 1560 aegre
818 1493 852 1546 ad
866 1493 954 1562 ipsum
966 1493 1078 1548 alveum

162 1571 289 1634 penetrat.
326 1563 431 1616 Primus
443 1561 510 1616 inter
522 1561 626 1632 pedites
639 1579 683 1614 rex
695 1578 818 1629 egressus
831 1563 856 1615 in
871 1564 962 1632 ripam,
977 1564 1076 1616 vadum

162 1631 293 1685 militibus
315 1649 405 1701 manu,
424 1631 530 1702 quando
548 1649 599 1684 vox
617 1631 735 1684 exaudiri
752 1648 805 1686 non
823 1641 932 1702 poterat,
952 1631 1076 1686 ostendit.

162 1701 212 1754 Sed
233 1700 344 1770 gradum
365 1701 470 1754 firmare
491 1701 536 1754 vix
554 1710 680 1772 poterant,
701 1717 764 1754 eum
787 1701 866 1754 modo
886 1719 950 1754 saxa
974 1703 1078 1755 lubrica

162 1770 304 1838 vestigium
324 1770 452 1841 fallerent,
466 1769 545 1824 modo
563 1769 676 1840 rapidior
693 1771 764 1822 unda
782 1769 964 1824 subduceret.⁶
999 1773 1077 1825 Prae·
1107 1793 1109 1796 ·

162 1842 258 1910 cipuus
281 1848 338 1893 erat
364 1841 438 1894 labor
468 1856 568 1909 eorum,
592 1840 637 1908 qui
666 1838 786 1892 humeris
812 1857 893 1892 onera
920 1839 1076 1910 portabant:

162 1912 261 1980 quippe
281 1925 344 1963 cum
364 1911 522 1980 semetipsos
541 1925 631 1976 regere
652 1925 700 1960 uun
720 1917 835 1978 possent,
851 1910 876 1961 in
894 1909 999 1978 rapidos
1018 1927 1078 1979 gur·

162 1981 231 2048 gites
251 1980 418 2034 incommodo
439 1997 518 2033 onere
542 1977 736 2045 auferebantur,
760 1986 786 2030 et
805 1978 870 2032 dum
891 1996 940 2030 sua
964 1980 1077 2048 quisque

163 2049 245 2118 spolia
265 2051 392 2120 consequi
413 2050 509 2118 studet,
527 2047 612 2117 major
631 2046 699 2100 inter
718 2047 795 2116 ipsos,
812 2065 894 2116 quam
913 2066 976 2102 cum
994 2049 1077 2117 amni,

162 2128 217 2171 orta
242 2119 350 2171 luctatio
373 2129 431 2187 est,
455 2118 609 2186 cumulique
633 2117 793 2170 sarcinarum
817 2117 917 2186 passim
941 2119 1078 2172 fluitantes

163 2187 301 2256 plerosque
330 2187 515 2257 perculerantl
561 2187 619 2240 Rex
646 2189 772 2252 monere,⁷
801 2198 828 2239 ut
856 2188 920 2240 satis
947 2187 1079 2242 haberent

162 2273 237 2308 arma
257 2257 376 2324 retinere,
389 2265 479 2310 cetera
497 2274 525 2309 se
544 2255 716 2308 redditurum.
753 2255 804 2308 Sed
823 2273 909 2326 neque
927 2256 1078 2326 consilium,

163 2342 249 2393 neque
278 2326 419 2396 imperium
443 2328 529 2396 accipi
552 2334 667 2394 poterat:
696 2324 864 2394 obstrepebat
894 2326 956 2380 hinc
981 2333 1077 2398 metus

163 2404 267 2464 praeter
287 2393 358 2448 hunc
377 2396 492 2450 invicem
511 2395 671 2452 nutantium⁸
687 2405 795 2448 mutuus
810 2395 917 2448 clamor.
955 2397 1080 2450 Tandem

162 2479 215 2532 qua
232 2463 331 2516 leuiore
350 2475 435 2518 tractu
452 2464 540 2518 amnis
558 2465 640 2533 aperit
654 2463 762 2534 vadum,
776 2482 917 2535 emersere,
932 2483 985 2518 nee
1003 2466 1078 2535 quic.

193 2621 200 2644 ¹
213 2622 219 2641 ⁴
231 2615 334 2684 Bassing
351 2615 383 2674 by
395 2613 505 2670 Arbele?
524 2613 685 2676 undertaking
700 2613 790 2664 sarther
800 2615 870 2663 north
882 2615 923 2664 the
934 2631 1037 2678 passage
1049 2615 1077 2666 ol

163 2673 319 2788 {blihildis
332 2749 380 2781 non
390 2734 470 2780 minus
481 2747 557 2792 qoem.
589 2734 627 2780 As
643 2749 691 2781 non
702 2749 768 2782 secus
779 2734 800 2781 is
811 2733 948 2793 equivalent
961 2745 986 2782 to
996 2715 1077 2797 seqare,
1148 2781 1150 2796 ,

163 2807 201 2840 we
212 2807 255 2839 can
267 2807 311 2852 say
322 2807 369 2840 non
379 2807 444 2840 secas
454 2809 481 2839 ac
490 2807 517 2839 or
527 2800 604 2852 atque.

192 2851 322 2900 'Another
333 2851 425 2900 formis
441 2849 542 2912 Tigride.

192 2911 377 2960 *circumdatus
392 2913 499 2971 equitatu
511 2909 588 2971 might
600 2909 651 2958 also
662 2909 723 2958 have
739 2912 802 2959 been
817 2911 877 2960 said.
909 2911 957 2960 See
975 2913 1076 2974 Zumpt,

163 2967 177 3022 i
188 2973 275 3076 ⁴⁸1'litto
287 3029 367 3090 things
377 3029 492 3076 rendered
504 3028 545 3075 the
554 3028 663 3088 crossing
671 3028 772 3077 difficult
781 3049 786 3078 :
793 3031 861 3090 first,
871 3029 912 3078 the
921 3041 1005 3078 stones
1015 3047 1080 3080 were

163 3086 268 3154 slippery
277 3103 284 3142 ς
297 3088 343 3134 end
354 3091 471 3150 secondly,
482 3088 524 3136 the
533 3086 636 3146 rapidity
645 3087 672 3134 ol
679 3088 720 3135 the
729 3099 824 3137 current
834 3105 885 3137 was
894 3089 955 3136 such
964 3105 990 3137 es
999 3106 1077 3138 some-

164 3155 235 3193 times
247 3155 272 3192 te
283 3161 350 3205 carry
362 3147 402 3194 the
414 3163 470 3194 men
481 3147 552 3195 down
564 3143 605 3192 the
616 3147 686 3194 river.

191 3211 200 3235 ⁸
214 3211 220 3230 ⁴
231 3204 320 3252 Struclr
332 3205 457 3266 violently,
471 3205 516 3254 and
528 3205 638 3264 severely
649 3206 759 3266 injured!

192 3268 201 3291 ¹
212 3265 235 3310 A
248 3263 310 3324 good
322 3263 429 3312 instance
441 3265 468 3312 os
475 3265 516 3312 the
528 3263 672 3322 descriptive
684 3264 809 3312 infinitive.
842 3266 888 3314 See
902 3267 984 3315 Grani.
994 3267 1008 3319 b
1019 3271 1072 3316 390.

169 3386 174 3396 .
192 3328 201 3352 ⁸
212 3322 307 3407 ,Nmme
315 3323 334 3370 is
346 3328 352 3348 ⁴
362 3332 387 3371 to
397 3339 464 3408 pqve
473 3333 498 3371 to
507 3324 553 3392 apd
562 3322 615 3378 sro‚¹
629 3329 635 3348 ⁴
644 3333 669 3370 to
677 3325 707 3370 be
717 3339 748 3370 on
757 3324 872 3392 thepoint
882 3326 998 3406 offelling
1005 3327 1021 3384 ;’
1031 3327 1079 3375 and

164 3392 430 3488 llllllhllllllu
440 3393 582 3489 tittttttz
593 3383 1001 3500 tttuttttttthttttt⁰titte
1017 3385 1080 3494 dli
