2306 3852
154 173 211 230 uc
418 191 457 230 nn
481 192 588 235 osseis
609 198 793 240 russanum.

150 296 197 377 sbi
214 315 262 356 nos
275 300 409 354 uberrima
419 301 543 382 victoriae
555 307 674 374 praemia
685 319 834 380 expectant,
847 310 982 382 libemm,¹
995 329 1056 372 con·

147 383 249 438 jugum,
262 380 453 441 parentumque
470 372 579 442 laetitia,
592 393 652 456 pax,
665 378 747 446 quies,
761 396 849 433 rerum
867 399 913 450 per
928 383 1056 440 virtutem

52 511 55 516 Ι
147 445 282 508 partarum
293 455 387 494 secura
399 441 538 510 possessio.
574 443 625 496 Sed
644 463 668 498 ιιι
687 463 762 516 novo,
775 457 803 501 et
817 449 959 520 (sicerum
977 452 1055 508 lateri

148 506 406 632 volumuspprecario
424 511 554 582 imperio,²
565 512 653 568 adbuc
669 514 763 584 jugum
779 517 838 586 ejus
852 519 936 586 rigida
947 524 1055 578 cervice

146 575 269 630 subeunti
289 595 321 632 us
336 579 460 650 barbaris,
474 588 599 650 ternpore,
613 583 717 653 milites,
730 602 796 655 opus
807 595 855 655 est,
868 587 933 642 dum
947 591 1054 646 mitiori·

146 644 196 698 bus
213 646 325 716 ingeniis
342 648 503 720 imbuuntur,
516 660 543 704 et
555 651 678 706 efferatos
694 655 798 708 mollior
813 660 977 720 consuetudo
995 677 1053 729 per·

144 715 265 770 rttttlcot.⁸
298 717 400 787 Fruges
418 735 523 788 quoque
543 722 721 777 maturitatem
741 734 836 778 statuto
857 731 988 796 tempore⁴
1007 747 1053 786 es·

178 796 265 843 etant:
289 789 357 842 adeo
377 788 460 841 etiam
479 788 525 841 illa
544 806 638 843 sensus
657 794 743 845 omnis
760 797 877 864 expertia
895 805 985 850 tamen
1004 816 1052 854 sua

152 875 203 928 ege
221 859 371 913 mitescunt.
409 857 496 916 Quint
515 859 622 912 creditis
639 871 676 913 tot
692 873 793 931 gentes,
812 864 926 918 alterius·
939 867 1051 936 imperio

141 931 291 984 nonomine
303 929 443 999 assuetas,⁶
454 945 505 981 nou
518 929 606 998 sacris,
620 947 671 982 uon
683 932 807 1000 moribus,
822 951 872 986 non
890 939 1051 992 commercio

142 997 247 1068 liuguae
265 999 403 1052 nobiscum
422 996 602 1068 cohaerentes,
621 999 716 1052 eodem
735 1001 832 1070 proelio
849 1003 965 1057 domitas
982 1023 1049 1076 esse,

140 1084 192 1138 quo
201 1070 287 1122 victae
299 1069 378 1123 suntl
407 1068 509 1122 Vestris
520 1070 600 1122 armis
611 1069 783 1138 continentur,
793 1088 844 1124 non
857 1075 912 1126 suis
924 1075 1049 1146 moribus,

136 1138 230 1212 etqui
248 1147 401 1209 praesentes
418 1145 548 1208 metuunt,
568 1138 594 1190 in
612 1138 735 1191 absentia
753 1138 842 1194 hostes
861 1152 945 1195 erunt.
981 1145 1049 1200 Cum
1144 1196 1148 1210 ,

138 1212 203 1271 letis
220 1207 313 1266 bestiis
325 1225 368 1263 res
379 1215 427 1278 est,
441 1224 508 1279 quas
520 1216 612 1277 captas
624 1216 650 1260 et
662 1208 785 1280 inclusas,
799 1211 862 1280 quia
874 1212 989 1281 ipsarum
1003 1231 1048 1268 na·
1142 1260 1150 1281 ‚

138 1296 196 1341 tura
207 1300 259 1339 non
271 1288 365 1354 potest,
378 1279 480 1347 longior
492 1278 550 1331 diss
561 1277 672 1349 mitigat.

172 1359 197 1408 8.
217 1355 251 1408 Et
268 1351 357 1405 adhuc
377 1349 415 1402 sic
432 1366 489 1419 ago,
508 1357 634 1418 tanquam
653 1350 742 1404 omnia
759 1350 870 1404 subacta
888 1352 940 1404 sint
956 1354 1046 1423 annia

137 1442 205 1498 qnae
218 1423 324 1476 luerunt
336 1422 362 1474 in
375 1418 477 1472 dicione
491 1419 576 1472 Darei.
613 1419 775 1490 Hyrcaniam
786 1421 958 1474 Nabarzanes
969 1441 1047 1478 occu·

137 1496 225 1566 pavit,
244 1493 338 1546 Bactra
350 1507 400 1542 non
413 1489 529 1560 possidet
542 1488 627 1542 solnm
640 1489 768 1559 parricida
779 1490 885 1558 Bessus,
899 1491 946 1544 sed
964 1493 1045 1547 etiam
1142 1488 1149 1503 '

137 1565 266 1628 minatur;
284 1560 414 1630 Sogdiani,
429 1559 527 1629 Dahae,
541 1559 718 1628 Massagetae,
736 1559 826 1628 Same,
845 1560 903 1612 ludi
922 1561 961 1612 sni
979 1561 1047 1630 juris

137 1641 206 1688 sunt.
242 1633 341 1685 Omnes
353 1631 387 1699 hi,
401 1628 480 1682 simul
493 1639 565 1698 terga
577 1638 664 1681 nostra
676 1629 796 1698 viderint,
806 1630 970 1698 sequentur.⁶
1003 1631 1046 1685 llli

137 1703 210 1756 enim
221 1701 343 1770 ejusdem
359 1699 471 1752 nationis
483 1707 550 1769 suut,
564 1715 611 1752 uos
623 1698 788 1766 alienigenae
801 1707 827 1750 et
839 1699 949 1752 externi.
985 1700 1047 1754 Suis

138 1773 248 1842 quisque
271 1779 362 1824 autem
384 1768 515 1840 placidius
533 1776 618 1850 paret,
640 1767 721 1821 etiarn
744 1784 807 1821 cum
830 1767 853 1820 is
875 1778 980 1838 praeest
999 1771 1046 1839 qui

136 1842 224 1911 magis
242 1839 329 1894 timeri
351 1846 445 1910 potest.
482 1838 594 1892 Proinde
611 1845 656 1890 aut
674 1853 742 1906 quae
759 1837 881 1905 cepimus
897 1837 1047 1893 omittenda

137 1919 206 1980 sunt,
218 1918 264 1963 aut
294 1925 345 1962 uae
357 1925 408 1962 nou
421 1907 553 1962 habemus
569 1906 730 1976 occupanda.
767 1906 838 1959 Sicut
851 1907 878 1959 in
890 1907 1046 1976 corporibus

136 1981 229 2050 aegris,
246 1927 351 2049 miiites,
368 1977 434 2031 nihil
451 1977 520 2048 quod
539 1977 684 2029 nociturum
703 1983 751 2045 est,
767 1975 1044 2049 mediciirelinquunt,

137 2051 176 2108 sic
198 2057 253 2119 nos,
274 2047 398 2120 quicquid
421 2046 508 2100 obstat
527 2046 644 2116 imperio,
666 2045 822 2098 recidamus.
859 2046 942 2098 Parra
962 2063 1045 2117 saepe

137 2118 250 2173 scintilla
262 2127 413 2186 contempta
425 2133 551 2185 magnum
564 2115 688 2168 excitavit
700 2114 861 2167 incendium.
897 2115 972 2168 Nihil
986 2125 1045 2170 tuto

137 2190 164 2242 in
182 2187 258 2240 hoste
275 2187 324 2240 des
343 2187 434 2239 icitur:
453 2201 534 2255 quem
546 2184 683 2254 spreveris,
695 2184 867 2237 retentionem
882 2185 1045 2253 negligentia

137 2257 230 2310 facias.
266 2257 309 2308 Ne
369 2271 429 2306 reus
447 2255 556 2322 quidem
572 2253 760 2307 hereditarium
781 2253 920 2306 Persarum
938 2256 1046 2324 accepit

137 2325 288 2396 imperinm,
301 2323 349 2376 scd
367 2325 394 2375 in
412 2323 503 2376 sedem
522 2323 591 2393 Cyri,
605 2322 733 2376 beneficio
751 2322 854 2390 Bagoae
871 2323 979 2376 castrati
996 2324 1044 2376 ho·

136 2393 223 2463 minis,
247 2393 393 2444 admissus:
424 2407 458 2444 ne
481 2408 529 2444 vos
551 2407 647 2460 magno
671 2392 759 2445 labore
782 2391 906 2444 credatis⁷
929 2392 1045 2448 Bessum

136 2477 252 2516 vacuum
264 2476 373 2529 regnum
386 2469 583 2529 occupatumm.

171 2536 196 2584 9.
214 2531 270 2584 Nos
287 2547 349 2584 vero
368 2530 544 2601 peccavimus,
564 2528 669 2598 milites,
689 2530 710 2582 si
730 2531 845 2582 Dareum
863 2529 898 2583 ob
915 2531 967 2584 hoc
978 2533 1045 2586 vici-

137 2617 206 2671 mus,
229 2608 258 2654 ut
282 2616 358 2652 servo
382 2599 440 2670 ejus
466 2599 641 2655 traderemus,
657 2600 814 2668 imperium:
845 2599 890 2668 qni
915 2600 1045 2656 ultimum

137 2687 217 2724 ausus
240 2671 335 2739 scelus,
354 2686 444 2737 regem
467 2687 552 2739 mum,
574 2668 655 2722 etiam
678 2677 802 2722 externae
825 2670 882 2737 opis
906 2678 1042 2741 egentem,

137 2749 209 2794 certe
227 2741 270 2796 cui
287 2756 335 2792 nos
353 2739 465 2794 victores
482 2739 700 2808 pepercissemus,
713 2737 788 2807 quasi
799 2738 933 2806 captivum
947 2739 973 2792 in
986 2741 1045 2794 vin·

130 2805 204 2864 scale
221 2808 321 2880 habuit,
339 2809 374 2862 ad
393 2807 523 2877 ultimum,
542 2825 576 2861 ns
593 2825 610 2860 a
628 2806 702 2860 nobis
719 2806 867 2859 conservari
884 2816 981 2878 posset,
999 2827 1044 2863 oc·

166 2931 173 2954 ¹
184 2923 233 2973 For
243 2927 372 2974 liberorum.
404 2923 450 2970 Sca
463 2905 542 2971 Grani.
555 2922 568 2974 b
579 2926 616 2978 58,
629 2926 650 2969 5.

97 3040 99 3044 Ι
165 2985 209 3031 Ἀ
225 2983 347 3032 dominion
362 2981 455 3052 chich„
465 2998 492 3030 as
501 2982 525 3050 ,it
540 2997 612 3036 were,
629 2996 666 3028 we
682 2978 739 3028 licld
754 2979 811 3049 only
821 2981 854 3040 by
865 2979 959 3040 favour,
971 2998 999 3032 or
1008 2998 1041 3032 on

138 3039 964 3169 'taumatia‚lullus,tttlltllfftllt‘tlttn„
975 3081 1042 3150 aaa

138 3157 560 3286 appffintbtgapffgrbtbgdbirbgglbr
570 3217 644 3266 tima’

167 3275 237 3324 ‘For'
244 3275 291 3322 thre
302 3281 471 3330 construction,
484 3291 524 3323 see
535 3291 568 3323 ιιι.
579 3279 616 3332 23,
629 3291 652 3323 v.
663 3277 699 3322 33.

165 3341 174 3366 ⁸
185 3332 234 3382 For
243 3336 397 3392 insequentur
405 3347 431 3378 or
439 3343 614 3396 persequentur.

140 3452 145 3461 .
167 3391 329 3452 'Benivolent
340 3398 365 3436 to
375 3391 459 3437 sedum
469 3408 509 3440 ms
518 3395 627 3451 credatis,
642 3397 696 3440 ‘not
711 3399 737 3440 to
751 3389 827 3452 spcak
837 3391 866 3440 oi
877 3406 939 3454 your
949 3396 1042 3446 believ.

139 3451 196 3512 rng!
219 3450 275 3498 See
287 3449 384 3507 Zumpt,
397 3447 410 3499 t
421 3451 478 3498 ⁵73.-
