2322 3850
489 261 581 304 iraaii
601 263 644 304 iii.
982 249 1021 306 δῦ

103 371 132 417 et
143 363 235 420 Liberi
247 365 331 446 patris
342 369 476 439 terminos,
490 388 540 424 nori
560 372 648 426 Persis
665 371 751 442 modo,
770 372 819 428 wil
837 372 920 426 etiam
936 373 1021 428 omni·

103 433 155 486 bus
178 437 309 502 gentibus
332 436 501 508 imposituros
528 441 637 512 jugum:
666 441 847 496 Macedonum
872 444 1022 513 provincias

105 501 199 556 bactra
213 507 336 586 ⁹².¹¹¹d‘.’⁸
351 506 414 560 fore.
449 509 565 564 Minima
583 529 652 592 esse,
665 527 734 581 quaa
752 527 822 564 nunc
839 512 1020 581 intuerentur5

102 573 151 626 sed
176 590 269 627 omnia
293 578 401 630 victoria
420 579 526 648 aperiri.
561 582 620 634 Non
644 598 669 633 in
692 582 839 650 praeruptis
857 582 940 651 petris
959 581 1021 651 llly-

103 643 203 724 riorum
218 653 245 716 qt
257 645 388 700 Thraciae
407 648 479 700 saxis
496 649 613 703 sterilem
632 649 752 703 laborem
769 649 833 720 fore,
846 649 929 720 spolia
941 651 1022 704 totius

102 713 220 766 Orientis
237 714 335 767 offerri.
371 717 424 770 Vix
439 717 530 786 gladio
545 719 662 772 futurum
680 735 754 788 opus,
769 728 849 773 totam
867 719 954 774 aciem
972 735 1021 773 siro

137 799 202 834 vore
226 783 400 839 fluctuantem
425 787 594 840 umbonibus¹
618 805 695 858 posse
719 787 839 857 propelli.
875 789 963 842 Victor
985 788 1020 842 ad

120 869 172 904 aec
185 853 393 907 Atheniensium
412 854 550 926 Philippus
567 867 642 926 pater
658 858 837 924 invocabatur,
850 858 1020 928 domitaeque

102 937 189 1000 nuper
200 921 327 975 Boeotiae
339 932 366 975 et
378 924 451 978 urbis
468 925 494 977 iii
514 942 547 978 ea
565 926 748 980 nobilissimae
765 927 800 979 ad
814 927 898 980 solum
917 927 1021 980 dirutae

102 1007 211 1059 species
235 993 481 1060 repraesentabatur
503 997 608 1049 animis.
651 995 711 1048 Jarn
735 996 879 1050 Granicum
903 1011 1019 1067 amnem,

100 1059 158 1128 jain
173 1069 209 1112 tot
222 1059 308 1124 urbes,
322 1071 368 1115 aut
386 1073 558 1134 expugnatas,
570 1073 616 1118 aut
635 1065 660 1118 in
679 1063 763 1118 fidem
773 1076 907 1134 acceptas,
920 1065 1021 1118 omnia·

102 1145 164 1198 qne,
190 1147 261 1198 quae
285 1140 343 1200 post
368 1141 471 1200 tergum
496 1143 578 1196 erant,
603 1143 691 1203 strata,
716 1142 743 1186 et
766 1134 882 1205 pedibus
905 1137 913 1187 i
963 1150 1021 1188 ium

101 1199 226 1268 subjecta
247 1201 420 1254 memorabat.
456 1203 524 1256 Cum
543 1203 645 1256 adierat
662 1205 784 1274 Graecos,
802 1204 916 1256 admone
952 1203 1021 1273 t,ab

102 1265 145 1322 his
163 1268 290 1336 gentibus
308 1269 381 1322 illata
398 1271 527 1325 Graeciae
546 1272 618 1326 bella
630 1273 708 1326 Darei
721 1274 800 1344 prius,
814 1273 913 1326 deinde
925 1273 1021 1328 Xerxis

103 1337 252 1417 insolentia,
266 1355 364 1408 aquam
378 1341 450 1410 ipsos
462 1350 612 1411 terramque
624 1342 788 1421 poscentium
812 1353 840 1395 ut
859 1359 947 1412 ireque
964 1343 1020 1396 fon-

103 1418 170 1460 tium
185 1408 319 1477 haustum,
333 1426 383 1462 nec
396 1410 485 1464 solitas
496 1411 570 1464 cibos
588 1411 765 1481 relinquerent
782 1381 888 1466 deditis.
923 1411 967 1466 Ab
979 1412 1021 1477 his

103 1486 157 1529 tem
179 1476 206 1528 la
218 1478 300 1530 ruinis
312 1488 339 1531 et
351 1479 457 1548 ignibus
468 1497 529 1532 esse
541 1480 637 1544 deleta,
650 1480 730 1534 urbes
742 1498 834 1535 eorum
846 1492 1018 1552 expugnatas,

102 1545 145 1598 foe
166 1563 213 1598 era
236 1547 318 1599 divini
342 1547 506 1618 humanique
523 1549 589 1619 juris
613 1549 718 1619 violata,
741 1550 882 1606 referebat.
918 1551 1021 1620 lllyrioe

1 1653 2 1660 .
102 1631 165 1668 vero
175 1625 202 1668 et
211 1615 338 1685 Thracas,
347 1629 420 1688 rapto
430 1619 519 1672 vivere
528 1630 655 1689 assuetos,
665 1621 752 1673 aciem
762 1619 951 1674 hostiumauro
959 1637 1019 1689 pur·

102 1701 223 1756 puraque
236 1685 383 1754 fulgentem
396 1689 490 1741 intueri
501 1689 619 1758 jubebat,
630 1687 764 1760 praedam,
774 1707 824 1743 nori
833 1701 1020 1758 arrnagestan·

102 1764 167 1808 tem.
217 1755 300 1808 Irent¹
323 1764 350 1810 et
375 1757 528 1812 imbellibus
551 1759 658 1812 feminis
680 1775 774 1812 aumm
799 1760 848 1814 viri
877 1760 1017 1828 eriperent.

102 1827 208 1894 Aspera
220 1825 351 1880 montium
369 1844 475 1882 suorum
494 1827 564 1896 juga,
579 1826 717 1896 nudasque
735 1829 837 1897 calles,³
848 1837 875 1881 et
891 1838 1019 1898 perpetuo

1 1920 3 1936 .
102 1896 222 1964 rigentes
233 1895 303 1964 gelu,
317 1895 426 1949 ilitibtis⁴
439 1898 577 1952 Persarum
590 1899 692 1966 campis
703 1897 825 1966 agrisque
838 1905 978 1950 mutarent.

130 1970 180 2016 ⁴26.
200 1966 261 2018 Jarii
274 1964 309 2020 ad
322 1965 367 2018 teli
378 1966 479 2036 jactum
492 1977 673 2038 pervenerant,
687 1983 749 2019 cuin
762 1967 900 2020 Persarum
914 1969 1019 2034 equites

102 2033 228 2088 ferociter
253 2036 279 2088 in
304 2035 411 2089 laevum
434 2053 513 2090 coriiu
539 2036 655 2089 hostium
685 2036 781 2088 invecti
813 2044 887 2088 sunt:
938 2036 1018 2106 oippe

102 2105 206 2156 Dareus
218 2105 334 2174 equestri
348 2105 445 2175 proelio
458 2106 602 2158 decernere
620 2105 733 2176 optabat,
748 2105 907 2175 phalangem
958 2121 1017 2157 ace·

101 2173 192 2226 donici
205 2175 339 2228 exercitus
357 2176 434 2228 robur
446 2192 506 2227 esse
524 2175 685 2243 conjectans.
720 2175 779 2230 Jarri
802 2190 835 2227 ue
854 2174 936 2227 etiarn
954 2175 1018 2227 dex·

102 2253 173 2296 trum
203 2243 348 2297 Alexandri
377 2261 456 2296 cornu
486 2244 684 2298 circumibatur.
720 2192 799 2304 Quof
826 2243 871 2298 ubi
901 2243 1018 2298 Macedo

101 2314 248 2382 conspexit,
262 2313 365 2367 duabus
376 2313 426 2366 alis
440 2314 562 2382 equitum
579 2316 613 2366 ad
631 2313 724 2383 jugum
744 2315 842 2367 montis
858 2313 938 2384 jussis
956 2313 1017 2366 sub·

101 2383 206 2450 sistere,
220 2391 322 2435 ceteros
334 2383 360 2436 in
378 2381 498 2436 medium
516 2383 579 2438 belli
597 2383 742 2436 discrimen
760 2393 866 2436 strenue
885 2383 1016 2436 transfert.

100 2451 244 2504 Subductis
267 2451 364 2504 deinde
388 2469 422 2506 ex
445 2454 504 2505 acie
527 2453 664 2506 Thessalis
687 2453 828 2522 equitibus,
851 2453 1016 2522 praefectum

100 2537 194 2574 corurn
212 2521 317 2574 occulte
335 2522 475 2575 circumire
493 2531 596 2592 tergum
616 2539 721 2575 suornm
740 2522 821 2592 jubet,
838 2519 1016 2576 Parmenioni-

100 2607 153 2659 que
172 2590 305 2660 conjungi,
319 2600 347 2644 et
364 2591 435 2660 quod
454 2591 475 2644 is
493 2592 657 2661 imperasset,
671 2592 782 2661 impigre
800 2591 907 2662 exequi.
942 2591 1015 2646 lani·

99 2675 154 2728 que
172 2659 224 2729 ipsi
244 2661 270 2712 in
288 2659 411 2714 medium
427 2661 578 2714 Persarum⁵
597 2661 659 2714 uudi
680 2679 713 2714 ue
737 2661 891 2714 circumfusi
908 2661 1015 2728 egregie

100 2729 269 2798 tuebantur,f
288 2728 336 2782 sed
356 2729 475 2800 conferti,
494 2739 521 2782 et
540 2732 616 2800 quasi
636 2747 667 2784 co
704 2743 817 2800 erentes,
837 2730 891 2782 tela
911 2729 1014 2781 vibrare

98 2815 150 2852 uon
169 2808 306 2868 poterant:
331 2799 411 2852 simul
432 2809 507 2853 erant
527 2802 633 2869 emissa,
654 2801 681 2852 in
703 2801 810 2853 eosdem
832 2797 1014 2851 concurrentia

95 2962 254 3071 ⁰f¹aUsrlpibgqgs
266 2960 306 3010 the
316 2961 502 3022 charri-pointed
513 2963 570 3012 boas
581 2963 662 3012 which
677 2962 782 3022 projecte
798 2960 859 3011 from
870 2962 912 3011 the
923 2963 1012 3014 middle

122 3087 133 3112 ¹
145 3087 152 3109 ‘
163 3081 237 3188 Thqp
245 3079 322 3141 might
330 3089 394 3150 goto
403 3080 438 3129 it.'
462 3079 516 3128 The
526 3080 679 3141 subjunctive
685 3077 715 3128 de
747 3079 831 3129 ndson
837 3082 941 3144 jubebat,
952 3083 1011 3132 with

94 3141 213 3190 unaltere
241 3150 413 3208 construction.
440 3139 683 3200 SceZumpt,l624.
730 3150 827 3198 ompare
841 3142 1011 3194 Gramlllw.

122 3205 131 3230 ⁸
144 3199 232 3254 Gallis,
249 3205 278 3246 ‘a
288 3209 413 3247 mountain
424 3199 501 3260 path,’
512 3200 533 3247 is
541 3199 600 3247 used
609 3201 641 3258 by
652 3197 751 3247 Curtius
760 3215 786 3248 as
795 3199 918 3258 feminiae,
929 3201 1012 3250 whilst

93 3261 163 3310 other
174 3259 276 3308 authors
288 3273 353 3306 more
365 3257 502 3318 frequently
513 3257 585 3308 make
596 3259 614 3306 ii
626 3258 766 3307 masculine.

120 3319 189 3366 ‘See
203 3316 330 3390 Zumpnb
343 3321 393 3402 192,
407 3331 465 3386 note¹
475 3321 495 3366 l.
601 3376 606 3386 ι
830 3378 836 3389 ·
891 3378 898 3400 ν

93 3497 99 3508 ,
119 3375 664 3504 ffilllyyallilisill‘l‘fsslflfs‘lfsffllfyli
674 3375 956 3498 blffllllssiin,
967 3436 1010 3486 biit

93 3506 110 3546 it
119 3512 203 3547 seems
214 3505 240 3544 to
252 3496 282 3544 be
294 3510 308 3543 a
319 3495 425 3556 military
435 3509 585 3554 expression.
