2294 3842
494 223 587 264 erasa
606 225 648 265 rx.
966 211 1022 267 291

322 303 330 324 b

114 331 274 386 temeritatis
298 332 420 387 solatium
443 343 573 403 perpetua
592 333 713 386 felicitas.
750 335 811 388 lam
831 336 914 390 CCCC
939 337 1024 389 stadia

114 409 305 473 processerant,
318 419 380 454 curn
391 403 581 472 gubernatores
592 419 736 471 agnoscere
748 404 820 474 ipsos
830 423 922 458 auram
934 407 1022 476 maris,

114 480 140 524 et
166 469 238 524 baud
266 471 356 540 procul
374 471 457 524 videri
477 471 528 524 sibi
547 473 683 525 Oceanum
701 473 804 542 abesse,
822 474 939 528 indicant
959 477 1022 544 regi.

113 541 214 596 Laetus
243 539 288 592 ille
317 540 413 593 hortari
442 542 561 595 nauticos
589 543 682 611 coepit,
713 542 895 596 incumberent
927 547 1022 598 retnis:

114 609 211 662 adesse
235 610 316 663 finem
341 609 437 662 laboris
459 610 583 664 omnibus
602 613 670 664 votis
691 611 855 681 expetitum,
878 613 932 682 jam
957 614 1024 667 nihil

113 679 212 748 gloriae
236 679 341 748 deesse,
366 679 431 732 nihil
455 681 560 732 obstare
580 681 674 749 virtuti,
696 683 752 733 sine
776 681 830 734 ullo
853 682 947 735 Martie
970 684 1023 736 dis·

114 749 233 818 erimine,
248 748 306 802 sine
320 750 447 816 sauguine
459 750 549 803 orbern
564 761 647 802 terrae
658 749 693 802 ab
707 750 758 803 illis
767 751 825 830 oapi
832 767 840 819 3
856 768 889 830 ne
902 759 1023 806 naturam

113 817 224 886 quidem
241 817 344 886 longius
355 835 432 888 posse
465 819 603 887 rocedere;
621 819 694 872 brevi
706 819 837 888 incognita
848 820 898 873 nisi
917 821 1023 874 immor·

113 887 212 940 talibus
224 904 285 940 esse
297 888 407 940 visuros.
443 837 546 942 daucos
558 900 648 941 tamen
660 890 762 958 navigio
775 888 865 942 emisit
882 890 909 942 in
929 891 1021 960 ripam,

114 957 159 1026 qui
179 966 299 1024 agrestes
313 973 395 1024 vagos
412 959 571 1027 exciperent,
585 958 709 1026 equibus
726 959 837 1011 certiora
856 959 928 1011 nosci
946 975 1023 1028 posse

114 1026 248 1095 sperabat.
285 1025 326 1079 Illi
339 1026 446 1078 scrutati
457 1028 545 1080 omnia
557 1027 668 1097 tuguria,
683 1028 791 1080 tandem
804 1028 918 1081 latentes
930 1045 1022 1098 reppe-

114 1112 181 1147 rere.
218 1095 270 1154 Qui
283 1095 440 1165 interrogati,
454 1112 536 1166 quam
554 1096 643 1166 procul
655 1097 760 1150 abesset
772 1098 865 1150 marei
884 1098 1023 1168 responde·

114 1173 181 1233 runt,
194 1165 300 1218 nullum
317 1165 388 1234 ipsos
400 1181 473 1218 mare
485 1184 518 1219 ne
530 1166 604 1219 fama
615 1165 722 1234 quidem
735 1167 885 1236 accepisse:
904 1175 1023 1220 ceterum

113 1235 190 1287 tertio
209 1233 253 1286 die
274 1236 404 1303 perveniri
424 1237 553 1356 possead
572 1253 669 1305 aquam
687 1253 814 1305 amaram,
828 1253 897 1316 quae
909 1253 1023 1289 corrum-

113 1311 190 1374 peret
208 1303 325 1356 dnlcem.
369 1305 425 1358 lnte
437 1306 536 1358 lectum
556 1314 603 1374 est,
623 1323 696 1359 mare
715 1305 852 1358 destinan¹
871 1305 906 1358 ab
926 1306 1024 1374 ignaris

114 1383 224 1425 naturae
242 1373 309 1442 ejus.
345 1373 438 1443 ltaque
457 1375 555 1443 ingenti
576 1375 710 1428 alacritate
729 1375 828 1428 nautici
848 1375 983 1444 remigant,
997 1383 1024 1428 et

114 1443 233 1512 proximo
242 1459 346 1512 quoquc
358 1444 410 1512 die,
424 1461 475 1514 quo
487 1447 593 1514 propius
604 1462 666 1514 spes
677 1445 874 1514 admovebatur,
887 1445 1024 1498 crescebat

112 1513 191 1564 ardor
208 1514 364 1565 animorum.
401 1514 491 1566 Tertio
513 1514 568 1583 jarn
592 1516 636 1568 die
660 1516 773 1568 mixtum
793 1515 896 1567 flumini
919 1514 1038 1568 subibat¹

113 1599 197 1650 mare,
210 1581 263 1634 leni
282 1581 370 1635 adbuc
389 1592 464 1636 aestu
482 1585 659 1638 confundente
677 1585 796 1653 dispares
813 1584 918 1637 undas.²
953 1585 1024 1637 Turn

113 1652 196 1704 aliam
218 1651 331 1704 insulam
353 1653 442 1705 medio
462 1657 535 1706 amni
555 1655 631 1707 sitam
651 1655 736 1706 evecti
755 1654 832 1723 paulo
845 1653 948 1722 lentius,
962 1655 1024 1724 quia

104 1737 208 1812 ,rursus
225 1728 301 1773 aestu
320 1722 556 1794 reverberabatur,³
567 1723 702 1794 applicant
720 1722 841 1792 classem,
856 1733 882 1776 et
900 1723 935 1776 ad
953 1741 1024 1776 com·

112 1798 221 1869 meatus
238 1791 367 1860 petendos
378 1791 535 1862 discurrunt,
549 1793 634 1846 securi
647 1809 725 1844 casus
738 1791 802 1861 ejus,
817 1792 861 1861 qui
874 1794 1024 1862 supervenit

112 1876 221 1911 rnarrs.

121 1877 191 1980 ἕ35.
211 1927 299 1980 Tertia
317 1928 400 1982 ferme
419 1929 482 1983 hora
501 1940 565 2001 erat,
577 1949 639 1984 cum
651 1939 718 1984 stata
730 1929 799 1982 vice⁴
812 1931 932 1987 Oceanus
945 1947 1022 1983 exae-

113 2008 208 2052 stuans
229 1997 318 2050 invehi
338 1999 424 2069 coepit
445 2009 471 2052 et
496 2011 563 2053 retro
584 2001 682 2054 flumen
703 2016 804 2068 urgere.
841 1999 915 2058 Quod
940 2000 1023 2069 primo

112 2069 269 2134 coercitum,
288 2067 383 2120 deinde
402 2069 588 2122 vehementius
608 2070 722 2139 pulsum,
743 2067 841 2137 majore
859 2069 959 2138 impetu
978 2069 1023 2120 ad·

113 2154 222 2190 versum
240 2135 374 2206 agebatur,
388 2155 469 2207 qnam
489 2140 610 2191 torrentia
629 2139 764 2208 praecipiti
782 2137 858 2190 alveo
871 2139 1023 2190 incurrunt.⁵

113 2207 208 2276 Ignota
230 2206 309 2274 vulgo
332 2206 392 2258 freti
415 2217 508 2261 natura
530 2218 594 2278 erat,
619 2218 787 2277 monstraque
811 2216 838 2259 et
866 2207 919 2260 irae
942 2208 1022 2262 deum

113 2277 212 2330 indicia
224 2291 332 2328 cernere
346 2275 511 2330 videbantur.
547 2278 696 2332 Identidem
714 2278 894 2330 intumescens
912 2288 1023 2330 marcet

113 2348 139 2399 in
149 2363 260 2416 campos
271 2344 350 2414 paulo
361 2355 423 2398 ante
436 2346 520 2400 siccos
532 2347 694 2402 descendere
706 2346 884 2418 superfusum.
910 2348 1023 2417 Jamque

113 2416 211 2468 levatis
234 2415 352 2483 navigiis,
376 2425 402 2466 et
427 2424 482 2469 tota
502 2417 586 2470 classe
607 2417 732 2488 dispersa,
752 2418 797 2486 qui
818 2417 929 2488 expositi
950 2429 1023 2470 erant

114 2485 232 2554 undique
251 2485 284 2536 ad
303 2501 385 2537 naves
404 2486 498 2554 trepidi
519 2496 545 2539 et
566 2488 704 2556 improviso
726 2488 795 2540 malo
815 2487 917 2540 attoniti
938 2503 1022 2539 recur-

113 2564 182 2608 mnt.
220 2554 271 2608 Sed
289 2553 315 2605 in
335 2555 449 2608 tumultu
463 2555 594 2609 festinatio
607 2573 711 2627 quoque
724 2557 798 2609 tarda
810 2565 859 2608 est.
895 2557 927 2608 Hi
940 2557 1023 2608 contis

112 2624 221 2693 navigia
238 2623 414 2694 appellebant,
434 2625 461 2678 bi
479 2626 545 2679 durn
562 2643 649 2678 remos
666 2627 749 2694 aptari
767 2624 949 2694 prohibebant,
963 2641 1023 2677 con-

113 2693 259 2747 sederant.⁶
294 2691 410 2751 Quidam
430 2697 572 2764 enavigare
592 2703 769 2773 properantes,
789 2693 835 2744 sed
858 2709 907 2744 non
927 2709 1023 2762 expec-

114 2793 156 2800 ...-

143 2831 149 2852 ¹
164 2821 243 2870 ‘'l'hat
255 2823 296 2870 the
307 2839 350 2871 sea
360 2839 411 2871 was
422 2825 520 2872 meant!

139 2888 152 2912 ‘²
165 2883 203 2929 ‘A
215 2882 272 2938 ride,
286 2897 311 2930 as
328 2892 369 2942 yet
381 2883 460 2939 neck,
474 2883 566 2944 mining
582 2883 622 2931 the
639 2880 743 2942 unequal
755 2880 968 2941 waterstuamely,
982 2883 1022 2930 the

112 2950 191 2990 water
201 2940 229 2988 of
240 2941 279 2989 the
291 2957 333 2990 sea
344 2942 390 2990 and
401 2942 442 2990 the
454 2943 550 2998 river).’=

142 3007 151 3030 ²
165 3000 234 3048 ‘The
251 3017 334 3049 course
350 3000 379 3049 of
392 3001 432 3050 the
449 3001 505 3050 fleet
522 3001 643 3060 (impelled
659 3002 691 3059 by
702 3000 743 3047 the
755 3011 849 3047 current
861 3000 889 3048 of
900 3000 940 3047 the
951 3000 1022 3056 river)

112 3076 165 3109 was
176 3059 279 3108 resisted
290 3060 336 3108 aud
347 3059 442 3108 thrown
453 3061 515 3109 back
526 3063 559 3121 by
569 3061 610 3109 the
622 3060 670 3108 tide
682 3058 710 3106 of
716 3059 757 3106 the
768 3061 859 3108 ocean)

141 3125 150 3147 ⁴
164 3119 311 3179 ‘According
320 3129 344 3166 to
353 3120 383 3168 its
392 3120 487 3180 regular
494 3119 602 3189 change!
626 3119 680 3166 The
689 3117 737 3166 tide
745 3118 772 3166 of
779 3119 820 3166 the
831 3119 1023 3168 Mediterranean

111 3181 132 3228 is
144 3193 204 3237 very
215 3178 376 3238 unimportant
392 3179 520 3238 compared
531 3179 589 3226 wrth
606 3175 657 3226 that
672 3176 700 3226 of
712 3178 753 3226 the
770 3194 830 3239 open
847 3194 931 3246 ocean,
960 3177 1022 3227 This

110 3238 160 3286 fact
173 3247 286 3285 accounts
297 3237 332 3284 for
341 3237 381 3285 the
393 3238 568 3286 astonishment
579 3237 625 3286 und
636 3237 710 3286 alartn
718 3238 746 3286 of
752 3238 794 3286 the
806 3238 986 3293 Macedoniam,
995 3254 1023 3288 so

112 3295 204 3354 vividly
213 3293 338 3344 described
349 3298 381 3365 by
393 3297 500 3345 Curtius.

117 3417 122 3427 .
143 3355 251 3402 ⁸‘'lhan
268 3366 393 3426 mountain
408 3363 511 3403 torrente
527 3356 585 3406 rusb
601 3355 672 3418 along
687 3357 711 3404 in
727 3356 790 3406 their
800 3367 868 3416 steep
880 3355 1020 3406 channelsr’

113 3423 295 3522 milir'i'bbtbdd
296 3415 369 3534 1iiceidyi
379 3431 547 3523 dieeniddeiheir
556 3473 622 3536 ships
631 3485 656 3524 to
667 3475 708 3524 the
719 3475 784 3524 bank
793 3474 852 3523 with
863 3473 929 3536 pole·
941 3481 1020 3534 (oars);
