2274 3844
428 229 519 269 arasa
539 229 591 268 ru.
908 217 960 272 tsl

46 355 124 401 more
137 348 296 394 mutassem.
332 339 410 392 Nunc
421 333 491 406 iero,
504 339 535 404 si,
549 347 576 388 ut
588 337 712 390 omnibus
722 339 825 409 diebus,
838 341 882 393 illo
899 359 963 412 quo·

48 427 110 482 que,
125 411 174 478 qui
187 422 327 478 suspectus
339 418 388 475 est,
402 407 522 474 fecimus,
535 407 793 460 consuetudoitituet
806 411 916 464 crimen.

84 485 109 532 5.
129 479 194 532 Sed¹
212 496 294 548 equos
312 477 456 546 Antiphani
474 493 526 528 non
551 476 692 529 dedimus!
721 488 748 530 et
774 481 857 547 pridie
881 499 962 551 quam

49 547 171 604 Philotas
191 548 314 600 detectus
334 556 382 615 est,
396 547 462 598 haec
482 545 548 598 mihi
571 563 633 597 eum
654 547 804 616 Antiphane
826 567 868 602 res
888 551 960 604 erat!

51 620 95 688 qui
108 620 131 671 si
145 635 194 670 nos
206 625 343 686 suspectos
355 616 443 668 lacere
455 615 519 682 vult,
529 617 598 684 qnod
614 615 657 668 illo
669 615 712 668 die
724 635 807 686 equos
819 637 868 672 non
882 621 963 674 dede·

50 689 144 756 rimus,
172 689 353 756 semetipsum,
378 685 447 755 quod
478 702 524 735 eos
553 684 751 754 desideraverit,
776 705 887 756 purgare
911 708 963 744 nou

50 757 157 828 poterit.
193 760 302 824 Anceps
324 756 397 807 enim
414 755 514 806 crimen
533 763 574 806 est
592 755 659 806 iuter
677 756 834 810 retinentem
859 768 885 810 et
909 763 961 812 esi·

50 835 180 896 gentem,
204 828 252 878 nisi
277 825 345 894 quod
370 824 463 876 melior
486 833 527 876 est
550 841 631 876 causa
655 843 733 878 suum
752 845 802 878 non
827 829 961 896 tradentis,

52 912 132 964 quam
148 896 282 964 poscentis
292 895 418 946 alienum.
455 893 587 960 Cetemm,
602 911 655 962 rex,
669 911 752 963 equos
763 897 860 950 decem
873 898 962 968 habui,

53 981 69 1018 e
82 966 182 1034 quibus
193 963 358 1032 Antiphanes
369 971 428 1015 octo
444 962 501 1031 jam
519 961 687 1015 distribuerat
699 965 748 1031 his,
762 968 806 1034 qui
818 969 962 1022 amiserant

53 1051 122 1088 suos.
160 1033 361 1086 Omniuo⁹duos
378 1034 434 1101 ipse
453 1031 601 1084 habebam:
621 1049 686 1101 quos
704 1051 765 1086 curn
783 1035 862 1088 vellet
880 1038 962 1090 abdu-

52 1120 114 1156 cere
127 1103 208 1156 homo
220 1103 430 1172 superbissimus,
444 1110 516 1153 certe
530 1102 717 1171 iniquissimus,
731 1104 780 1156 nisi
799 1107 882 1174 pedes
894 1107 962 1159 mili-

53 1185 108 1226 tare
121 1173 229 1238 vellem,
245 1173 356 1224 retinere
368 1171 490 1240 cogebar.
526 1171 585 1223 Nec
598 1172 692 1225 infitias
704 1191 743 1242 eo,
757 1174 833 1227 liberi
849 1175 963 1229 hominis

1 1267 2 1270 ¹
53 1243 143 1295 auimo
174 1243 290 1295 locutum
314 1258 374 1294 esse
398 1258 442 1293 me
465 1257 527 1293 curn
551 1241 729 1312 ignavissimo,
754 1254 780 1296 et
804 1244 854 1297 hoc
878 1263 962 1300 unum

53 1312 166 1366 militiae
185 1327 249 1364 suae
269 1319 418 1380 usurpante,
438 1318 467 1362 ut
485 1309 586 1361 alienos
604 1327 687 1380 equos
705 1315 858 1380 pugnaturis
877 1316 963 1368 distri·

52 1379 125 1434 buat.
164 1381 223 1434 Huc
235 1381 306 1432 enim
327 1379 456 1433 malorum
468 1389 576 1431 ventum
596 1390 644 1448 est,
658 1391 686 1433 ut
698 1383 781 1435 verba
793 1401 854 1436 mea
866 1386 962 1440 eodem

53 1460 173 1519 tempore
192 1460 220 1502 et
238 1450 388 1502 Alexandro
407 1466 543 1517 excusem,
563 1458 590 1501 et
610 1451 764 1520 Antiphani.
800 1458 834 1507 At
853 1455 962 1508 hercule

55 1529 141 1576 mater
165 1519 199 1572 de
224 1519 299 1572 nobis
322 1519 438 1572 inimicis
456 1519 509 1572 tuis
527 1520 646 1586 scripsit!
681 1521 789 1576 Utinam
808 1525 964 1592 pnidentius

54 1599 123 1644 esset
142 1589 254 1641 sollicita
272 1606 317 1657 pro
336 1589 398 1656 filio,
412 1602 439 1642 et
457 1588 519 1640 non³
530 1589 622 1640 inanes
639 1607 745 1660 quoque
763 1594 867 1662 species
884 1595 963 1648 anxio

55 1660 142 1712 auimo
172 1659 306 1726 figuraret.
353 1658 440 1717 Quare
469 1657 542 1710 euim
571 1675 622 1710 non
651 1660 777 1714 adscribit
806 1673 894 1717 metus
923 1666 964 1718 sui

54 1729 183 1784 oausam!
202 1729 318 1796 denique
331 1745 382 1780 non
394 1725 507 1780 ostendit
521 1729 677 1781 auctorem!
706 1730 764 1788 Quo
776 1733 845 1786 lacto
858 1735 963 1788 dictove

54 1807 139 1852 nostro
152 1807 226 1850 mota
244 1807 298 1850 tam
319 1797 436 1866 trepidas
455 1797 503 1849 tibi
523 1796 625 1850 litteras
645 1799 768 1867 scripsit!
804 1803 963 1858 Omiseram

53 1867 237 1922 condicionem
248 1884 346 1936 meam,
359 1868 421 1936 quia
433 1866 538 1918 forsitan
553 1883 603 1918 non
617 1869 794 1936 periculosius
807 1885 847 1924 est
866 1883 962 1943 tacere,

54 1955 132 2006 quam
147 1937 255 1990 dicere!
288 1935 338 1990 Sed
351 1948 485 2004 utcunque
497 1952 605 1988 cessura
618 1953 660 1988 res
671 1947 718 2007 est,
729 1939 800 1993 malo
813 1941 963 1996 tibi‘desen-

54 2009 157 2060 sionem
175 2023 266 2059 meam
284 2005 433 2075 displicere,
452 2022 533 2074 quam
558 2023 676 2060 oausam.
712 2011 848 2076 Agnosces
872 2023 962 2065 autem

54 2093 121 2146 quae
141 2075 262 2128 dicturus
279 2092 356 2144 sum,
379 2076 478 2144 quippe
498 2075 652 2144 meministi,
672 2094 733 2130 cum
755 2095 800 2130 me
817 2080 851 2132 ad
870 2081 964 2150 perdu-

54 2145 152 2199 cendos
165 2163 200 2198 ex
212 2144 372 2198 Macedonia
389 2145 489 2198 milites
506 2147 633 2210 mitteres,
646 2145 745 2199 dixisse
763 2157 797 2217 te,
811 2149 908 2204 multos
925 2151 964 2204 in·

54 2218 151 2284 tegros⁴
168 2216 282 2284 juvenes
299 2216 325 2268 in
344 2214 422 2267 domo
440 2223 502 2266 tuae
520 2215 613 2266 matris
630 2215 766 2270 abscondi.
803 2219 964 2290 Praecepisti

55 2285 133 2354 igitur
158 2285 235 2351 mihi,
254 2302 288 2336 ne
311 2301 392 2353 quem
410 2293 515 2353 praeter
533 2292 559 2334 te
578 2285 700 2354 intuerer,
720 2287 767 2340 sed
786 2287 965 2344 detrectantes

55 2356 175 2408 militiam
189 2354 361 2423 perducerem
375 2354 409 2406 ad
422 2363 457 2405 te.
494 2352 569 2411 Quod
590 2353 715 2422 equidem
732 2356 792 2426 leci,
806 2369 832 2412 et
845 2360 962 2429 liberius¹

54 2441 135 2494 quam
165 2423 326 2493 expediebat
355 2423 430 2491 mihi,
460 2432 590 2476 executus
622 2441 681 2477 sum
711 2435 784 2480 tuum
815 2429 964 2502 imperium.

54 2495 187 2562 Gorgiam,
220 2494 383 2546 Hecataeum
412 2501 438 2544 et
469 2493 609 2562 Gorgatan,
640 2511 750 2563 quorum
784 2497 853 2552 bona
883 2518 964 2570 opera

54 2565 144 2632 uteris,
159 2563 221 2615 iude
233 2563 352 2631 perduxi.
388 2561 457 2620 Quid
471 2562 549 2630 igitur
561 2563 677 2632 iniquius
689 2574 736 2635 est,
750 2584 830 2636 quam
844 2587 896 2640 me,
910 2571 963 2640 qui,

53 2634 75 2686 si
95 2633 143 2687 tibi
165 2632 390 2701 comparuissem,
402 2631 461 2700 jure
479 2631 590 2685 daturus
608 2631 657 2685 lui!
668 2651 775 2705 poenas,
789 2655 859 2690 nuno
877 2641 964 2708 perire

52 2704 115 2772 quia
132 2701 231 2770 parui!
266 2703 362 2769 Neque
381 2701 454 2754 enim
474 2700 528 2754 ulla
546 2702 599 2754 alia
618 2705 696 2756 matri
715 2718 776 2757 tuae
788 2709 964 2776 persequendi

52 2790 102 2826 nos
124 2788 208 2824 causa
230 2779 278 2836 est,
297 2787 378 2840 quam
399 2769 469 2840 quod
493 2770 635 2824 utilitatem
659 2783 733 2826 tuam
750 2773 872 2827 muliebri
889 2793 964 2844 prae·

53 2843 191 2911 posuimus
207 2843 316 2906 gratiae.
359 2840 410 2893 Sex
434 2839 508 2892 milia
533 2840 715 2894 Macedonum
735 2843 855 2910 peditum
873 2854 900 2897 et
919 2845 964 2898 Dc

52 2912 159 2980 equites
170 2909 278 2977 adduxi,
292 2926 402 2977 quorum
420 2926 480 2978 pars
499 2918 621 2962 secutura
640 2927 684 2962 me
704 2926 754 2962 non
776 2920 840 2980 erat,
855 2913 876 2964 si
895 2913 964 2966 mili·

52 2982 116 3034 tiam
136 2979 347 3031 detrectantibus
364 2978 500 3047 indulgere
512 2979 664 3031 voluissem.
700 2978 824 3046 Sequitur
842 2997 912 3052 ergo,
925 2993 962 3053 ut,

54 3075 62 3082 ·
81 3117 88 3140 ¹
99 3110 155 3158 The
167 3108 322 3168 conjunctiou
332 3108 407 3169 ought
419 3107 529 3168 properly
540 3117 565 3154 to
576 3109 606 3154 be
617 3116 650 3154 at.
684 3107 730 3154 See
743 3107 840 3168 Zumpt,
854 3111 867 3163 1
879 3116 932 3162 349.

77 3173 143 3222 “ln
155 3173 207 3227 ull‚’
220 3191 256 3231 or,
269 3189 283 3221 a
294 3188 364 3222 sense
376 3173 456 3221 which
468 3172 527 3221 with
538 3172 660 3219 numerals
671 3173 689 3220 it
700 3173 766 3222 osten
778 3175 822 3226 has
836 3178 923 3239 ‘only.’

79 3239 147 3288 ’For
158 3240 199 3287 the
211 3255 255 3287 use
267 3239 313 3288 aud
324 3240 388 3289 force
399 3239 427 3288 ol
435 3249 456 3288 et
466 3257 513 3288 non
522 3238 674 3300 introducing
682 3254 697 3288 a
705 3239 795 3297 clause,
808 3257 850 3290 see
862 3243 961 3303 Zumpt,

52 3299 219 3412 whom&
235 3357 277 3405 ‘fit
288 3357 324 3421 for
334 3357 443 3406 service)
905 3311 914 3332 ο

81 3423 246 3483 ⁸Equtvatent
263 3435 288 3470 to
303 3425 436 3474 deducens:
456 3436 513 3469 near
523 3421 564 3469 the
575 3420 622 3469 eud
637 3421 665 3470 of
677 3423 718 3472 the
734 3423 963 3483 momenmentum

52 3492 102 3532 erat
112 3483 198 3532 stands
210 3481 248 3530 ior
257 3491 336 3531 secuto
347 3492 415 3530 esset.
449 3481 495 3529 See
509 3479 588 3530 Gram.
600 3481 629 3534 l!
641 3485 693 3541 149,
705 3484 753 3533 aud
763 3486 815 3540 ³46,
829 3486 850 3532 1.
