<?xml version="1.0" encoding="UTF-8"?>
<!DOCTYPE html PUBLIC "-//W3C//DTD XHTML 1.0 Transitional//EN"
    "http://www.w3.org/TR/xhtml1/DTD/xhtml1-transitional.dtd">
<html xmlns="http://www.w3.org/1999/xhtml" xml:lang="en" lang="en">
 <head>
  <title>
</title>
<meta http-equiv="Content-Type" content="text/html;charset=utf-8" />
  <meta name='ocr-system' content='tesseract 3.04.00' />
  <meta name='ocr-capabilities' content='ocr_page ocr_carea ocr_par ocr_line ocrx_word'/>
</head>
<body>
  <div class='ocr_page' id='page_1' title='image "./qcurtiirufidege02rufugoog_0220.png"; bbox 0 0 2274 3844; ppageno 0'>
   <div class='ocr_carea' id='block_1_1' title="bbox 124 189 771 264">
    <p class='ocr_par' dir='ltr' id='par_1_1' title="bbox 124 189 771 264">
     <span class='ocr_line' id='line_1_1' title="bbox 124 189 771 264; baseline -0.005 -1"><span class='ocrx_word' id='word_1_1' title='bbox 124 209 185 264; x_wconf 79' lang='lat' dir='ltr'>ato</span> <span class='ocrx_word' id='word_1_2' title='bbox 393 221 432 262; x_wconf 79' lang='lat' dir='ltr'>ua</span> <span class='ocrx_word' id='word_1_3' title='bbox 455 189 562 262; x_wconf 83' lang='lat' dir='ltr'>ossrrs</span> <span class='ocrx_word' id='word_1_4' title='bbox 585 221 771 262; x_wconf 79' lang='lat' dir='ltr'>stsxauuut.</span> 
     </span>
    </p>
   </div>
   <div class='ocr_carea' id='block_1_2' title="bbox 117 329 1046 892">
    <p class='ocr_par' dir='ltr' id='par_1_2' title="bbox 117 329 1046 892">
     <span class='ocr_line' id='line_1_2' title="bbox 125 329 1041 401; baseline 0.002 -17"><span class='ocrx_word' id='word_1_5' title='bbox 125 334 207 386; x_wconf 86' lang='lat' dir='ltr'>armis</span> <span class='ocrx_word' id='word_1_6' title='bbox 230 347 321 401; x_wconf 88' lang='lat' dir='ltr'>parem</span> <span class='ocrx_word' id='word_1_7' title='bbox 344 331 399 384; x_wconf 88' lang='lat' dir='ltr'>lore</span> <span class='ocrx_word' id='word_1_8' title='bbox 423 331 623 385; x_wconf 85' lang='lat' dir='ltr'>confitebantur.</span> <span class='ocrx_word' id='word_1_9' title='bbox 660 330 753 399; x_wconf 87' lang='lat' dir='ltr'>Itaque</span> <span class='ocrx_word' id='word_1_10' title='bbox 773 331 868 384; x_wconf 85' lang='lat' dir='ltr'>Secae¹</span> <span class='ocrx_word' id='word_1_11' title='bbox 886 329 986 385; x_wconf 84' lang='lat' dir='ltr'>misere</span> <span class='ocrx_word' id='word_1_12' title='bbox 1005 333 1041 388; x_wconf 87' lang='lat' dir='ltr'>le·</span> 
     </span>
     <span class='ocr_line' id='line_1_3' title="bbox 125 400 1042 472; baseline 0.002 -17"><span class='ocrx_word' id='word_1_13' title='bbox 125 413 206 472; x_wconf 82' lang='lat' dir='ltr'>gatos,</span> <span class='ocrx_word' id='word_1_14' title='bbox 221 401 267 471; x_wconf 90' lang='lat' dir='ltr'>qui</span> <span class='ocrx_word' id='word_1_15' title='bbox 279 401 470 472; x_wconf 78' lang='lat' dir='ltr'>pollicerentur,</span> <span class='ocrx_word' id='word_1_16' title='bbox 481 415 590 470; x_wconf 82' lang='lat' dir='ltr'>gentem</span> <span class='ocrx_word' id='word_1_17' title='bbox 603 401 732 470; x_wconf 88' lang='lat' dir='ltr'>imperata</span> <span class='ocrx_word' id='word_1_18' title='bbox 745 400 883 454; x_wconf 86' lang='lat' dir='ltr'>lecturam.</span> <span class='ocrx_word' id='word_1_19' title='bbox 922 403 1042 458; x_wconf 76' lang='lat' dir='ltr'>Moverat</span> 
     </span>
     <span class='ocr_line' id='line_1_4' title="bbox 117 471 1043 542; baseline 0.002 -18"><span class='ocrx_word' id='word_1_20' title='bbox 117 485 172 525; x_wconf 86' lang='lat' dir='ltr'>&#39;eos</span> <span class='ocrx_word' id='word_1_21' title='bbox 197 471 266 537; x_wconf 83' lang='lat' dir='ltr'>regis</span> <span class='ocrx_word' id='word_1_22' title='bbox 289 488 340 524; x_wconf 93' lang='lat' dir='ltr'>non</span> <span class='ocrx_word' id='word_1_23' title='bbox 364 472 447 523; x_wconf 88' lang='lat' dir='ltr'>virtus</span> <span class='ocrx_word' id='word_1_24' title='bbox 472 472 564 542; x_wconf 85' lang='lat' dir='ltr'>magis,</span> <span class='ocrx_word' id='word_1_25' title='bbox 589 472 681 540; x_wconf 67' lang='lat' dir='ltr'>quarn²</span> <span class='ocrx_word' id='word_1_26' title='bbox 704 471 849 523; x_wconf 89' lang='lat' dir='ltr'>clementia</span> <span class='ocrx_word' id='word_1_27' title='bbox 872 472 899 524; x_wconf 93' lang='lat' dir='ltr'>in</span> <span class='ocrx_word' id='word_1_28' title='bbox 925 471 1043 526; x_wconf 84' lang='lat' dir='ltr'>devictos</span> 
     </span>
     <span class='ocr_line' id='line_1_5' title="bbox 126 541 1044 612; baseline 0.002 -18"><span class='ocrx_word' id='word_1_29' title='bbox 126 542 253 612; x_wconf 76' lang='lat' dir='ltr'>Scythas:</span> <span class='ocrx_word' id='word_1_30' title='bbox 279 542 377 611; x_wconf 89' lang='lat' dir='ltr'>quippe</span> <span class='ocrx_word' id='word_1_31' title='bbox 401 543 520 611; x_wconf 84' lang='lat' dir='ltr'>captivos</span> <span class='ocrx_word' id='word_1_32' title='bbox 543 559 637 594; x_wconf 89' lang='lat' dir='ltr'>omnes</span> <span class='ocrx_word' id='word_1_33' title='bbox 662 541 719 592; x_wconf 88' lang='lat' dir='ltr'>sine</span> <span class='ocrx_word' id='word_1_34' title='bbox 742 542 826 609; x_wconf 87' lang='lat' dir='ltr'>pretio</span> <span class='ocrx_word' id='word_1_35' title='bbox 845 543 997 611; x_wconf 80' lang='lat' dir='ltr'>remiserat,</span> <span class='ocrx_word' id='word_1_36' title='bbox 1016 554 1044 596; x_wconf 90' lang='lat' dir='ltr'>ut</span> 
     </span>
     <span class='ocr_line' id='line_1_6' title="bbox 126 610 1045 682; baseline 0.002 -18"><span class='ocrx_word' id='word_1_37' title='bbox 126 612 208 664; x_wconf 86' lang='lat' dir='ltr'>fidem</span> <span class='ocrx_word' id='word_1_38' title='bbox 226 612 334 680; x_wconf 86' lang='lat' dir='ltr'>laceret,</span> <span class='ocrx_word' id='word_1_39' title='bbox 349 611 398 665; x_wconf 86' lang='lat' dir='ltr'>sibi</span> <span class='ocrx_word' id='word_1_40' title='bbox 416 628 479 665; x_wconf 91' lang='lat' dir='ltr'>cum</span> <span class='ocrx_word' id='word_1_41' title='bbox 498 611 671 664; x_wconf 87' lang='lat' dir='ltr'>ferocissimis</span> <span class='ocrx_word' id='word_1_42' title='bbox 687 611 809 678; x_wconf 82' lang='lat' dir='ltr'>gentium</span> <span class='ocrx_word' id='word_1_43' title='bbox 827 610 863 663; x_wconf 89' lang='lat' dir='ltr'>de</span> <span class='ocrx_word' id='word_1_44' title='bbox 882 611 1045 682; x_wconf 82' lang='lat' dir='ltr'>fortitudine,</span> 
     </span>
     <span class='ocr_line' id='line_1_7' title="bbox 126 681 1044 750; baseline 0.003 -17"><span class='ocrx_word' id='word_1_45' title='bbox 126 699 175 734; x_wconf 88' lang='lat' dir='ltr'>non</span> <span class='ocrx_word' id='word_1_46' title='bbox 189 681 223 734; x_wconf 88' lang='lat' dir='ltr'>de</span> <span class='ocrx_word' id='word_1_47' title='bbox 236 682 273 734; x_wconf 86' lang='lat' dir='ltr'>ira</span> <span class='ocrx_word' id='word_1_48' title='bbox 285 681 368 734; x_wconf 84' lang='lat' dir='ltr'>luisse</span> <span class='ocrx_word' id='word_1_49' title='bbox 381 689 526 735; x_wconf 86' lang='lat' dir='ltr'>certamen.</span> <span class='ocrx_word' id='word_1_50' title='bbox 562 682 681 749; x_wconf 83' lang='lat' dir='ltr'>Benigne</span> <span class='ocrx_word' id='word_1_51' title='bbox 693 681 772 748; x_wconf 88' lang='lat' dir='ltr'>igitur</span> <span class='ocrx_word' id='word_1_52' title='bbox 783 681 905 750; x_wconf 83' lang='lat' dir='ltr'>exceptis</span> <span class='ocrx_word' id='word_1_53' title='bbox 916 681 1044 736; x_wconf 79' lang='lat' dir='ltr'>Sacarum</span> 
     </span>
     <span class='ocr_line' id='line_1_8' title="bbox 127 749 1045 822; baseline 0.001 -18"><span class='ocrx_word' id='word_1_54' title='bbox 127 752 229 822; x_wconf 85' lang='lat' dir='ltr'>legatis,</span> <span class='ocrx_word' id='word_1_55' title='bbox 242 753 368 804; x_wconf 89' lang='lat' dir='ltr'>comitem</span> <span class='ocrx_word' id='word_1_56' title='bbox 388 752 535 822; x_wconf 86' lang='lat' dir='ltr'>Excipinon</span> <span class='ocrx_word' id='word_1_57' title='bbox 554 751 635 820; x_wconf 80' lang='lat' dir='ltr'>dedit,</span> <span class='ocrx_word' id='word_1_58' title='bbox 649 750 737 803; x_wconf 86' lang='lat' dir='ltr'>adhuc</span> <span class='ocrx_word' id='word_1_59' title='bbox 749 749 896 803; x_wconf 80' lang='lat' dir='ltr'>admodum</span> <span class='ocrx_word' id='word_1_60' title='bbox 914 751 1045 820; x_wconf 86' lang='lat' dir='ltr'>juvenem</span> 
     </span>
     <span class='ocr_line' id='line_1_9' title="bbox 126 820 1046 892; baseline 0 -18"><span class='ocrx_word' id='word_1_61' title='bbox 126 823 222 874; x_wconf 89' lang='lat' dir='ltr'>aetatis</span> <span class='ocrx_word' id='word_1_62' title='bbox 234 822 298 874; x_wconf 89' lang='lat' dir='ltr'>flore</span> <span class='ocrx_word' id='word_1_63' title='bbox 310 822 478 875; x_wconf 86' lang='lat' dir='ltr'>conciliatum</span> <span class='ocrx_word' id='word_1_64' title='bbox 492 821 550 890; x_wconf 85' lang='lat' dir='ltr'>sibi,</span> <span class='ocrx_word' id='word_1_65' title='bbox 582 823 608 874; x_wconf 90' lang='lat' dir='ltr'>ui</span> <span class='ocrx_word' id='word_1_66' title='bbox 627 837 690 874; x_wconf 88' lang='lat' dir='ltr'>cum</span> <span class='ocrx_word' id='word_1_67' title='bbox 708 820 798 890; x_wconf 89' lang='lat' dir='ltr'>specie</span> <span class='ocrx_word' id='word_1_68' title='bbox 816 822 936 890; x_wconf 88' lang='lat' dir='ltr'>corporis</span> <span class='ocrx_word' id='word_1_69' title='bbox 948 839 1046 892; x_wconf 80' lang='lat' dir='ltr'>aequa-</span> 
     </span>
    </p>
   </div>
   <div class='ocr_carea' id='block_1_3' title="bbox 127 890 1126 962">
    <p class='ocr_par' dir='ltr' id='par_1_3' title="bbox 127 890 1126 962">
     <span class='ocr_line' id='line_1_10' title="bbox 127 890 1126 962; baseline -0.001 -18"><span class='ocrx_word' id='word_1_70' title='bbox 127 902 166 945; x_wconf 85' lang='lat' dir='ltr'>ret</span> <span class='ocrx_word' id='word_1_71' title='bbox 179 893 411 962; x_wconf 79' lang='lat' dir='ltr'>Hephaestionem,</span> <span class='ocrx_word' id='word_1_72' title='bbox 425 892 450 944; x_wconf 87' lang='lat' dir='ltr'>ei</span> <span class='ocrx_word' id='word_1_73' title='bbox 468 892 558 961; x_wconf 90' lang='lat' dir='ltr'>lepore</span> <span class='ocrx_word' id='word_1_74' title='bbox 596 891 648 943; x_wconf 87' lang='lat' dir='ltr'>aud</span> <span class='ocrx_word' id='word_1_75' title='bbox 667 907 730 942; x_wconf 87' lang='lat' dir='ltr'>sane</span> <span class='ocrx_word' id='word_1_76' title='bbox 749 890 817 942; x_wconf 85' lang='lat' dir='ltr'>virili</span> <span class='ocrx_word' id='word_1_77' title='bbox 836 907 884 960; x_wconf 91' lang='lat' dir='ltr'>par</span> <span class='ocrx_word' id='word_1_78' title='bbox 896 909 951 951; x_wconf 89' lang='lat' dir='ltr'>non</span> <span class='ocrx_word' id='word_1_79' title='bbox 970 893 1046 944; x_wconf 74' lang='lat' dir='ltr'>erat.³</span> <span class='ocrx_word' id='word_1_80' title='bbox 1124 927 1126 956; x_wconf 72' lang='lat'>,</span> 
     </span>
    </p>
   </div>
   <div class='ocr_carea' id='block_1_4' title="bbox 127 960 1126 1042">
    <p class='ocr_par' dir='ltr' id='par_1_4' title="bbox 127 960 1126 1042">
     <span class='ocr_line' id='line_1_11' title="bbox 127 960 1126 1042; baseline -0.001 -27"><span class='ocrx_word' id='word_1_81' title='bbox 127 963 314 1042; x_wconf 43' lang='lat' dir='ltr'>lpse,C,ratero</span> <span class='ocrx_word' id='word_1_82' title='bbox 327 979 388 1014; x_wconf 89' lang='lat' dir='ltr'>oum</span> <span class='ocrx_word' id='word_1_83' title='bbox 407 963 507 1033; x_wconf 88' lang='lat' dir='ltr'>majore</span> <span class='ocrx_word' id='word_1_84' title='bbox 525 971 600 1032; x_wconf 90' lang='lat' dir='ltr'>parte</span> <span class='ocrx_word' id='word_1_85' title='bbox 619 961 752 1013; x_wconf 85' lang='lat' dir='ltr'>exercitus</span> <span class='ocrx_word' id='word_1_86' title='bbox 770 960 884 1013; x_wconf 88' lang='lat' dir='ltr'>modicis</span> <span class='ocrx_word' id='word_1_87' title='bbox 902 961 1046 1016; x_wconf 84' lang='lat' dir='ltr'>itineribus</span> <span class='ocrx_word' id='word_1_88' title='bbox 1125 971 1126 988; x_wconf 70' lang='lat'>³</span> 
     </span>
    </p>
   </div>
   <div class='ocr_carea' id='block_1_5' title="bbox 80 1029 1126 1312">
    <p class='ocr_par' dir='ltr' id='par_1_5' title="bbox 80 1029 1126 1312">
     <span class='ocr_line' id='line_1_12' title="bbox 127 1029 1126 1102; baseline 0 -18"><span class='ocrx_word' id='word_1_89' title='bbox 127 1050 203 1102; x_wconf 87' lang='lat' dir='ltr'>sequr</span> <span class='ocrx_word' id='word_1_90' title='bbox 221 1049 301 1102; x_wconf 82' lang='lat' dir='ltr'>yusso,</span> <span class='ocrx_word' id='word_1_91' title='bbox 321 1032 355 1084; x_wconf 87' lang='lat' dir='ltr'>ad</span> <span class='ocrx_word' id='word_1_92' title='bbox 375 1031 540 1084; x_wconf 80' lang='lat' dir='ltr'>Maracanda</span> <span class='ocrx_word' id='word_1_93' title='bbox 557 1030 653 1085; x_wconf 89' lang='lat' dir='ltr'>urbem</span> <span class='ocrx_word' id='word_1_94' title='bbox 671 1030 814 1098; x_wconf 87' lang='lat' dir='ltr'>contendit,</span> <span class='ocrx_word' id='word_1_95' title='bbox 834 1047 869 1083; x_wconf 84' lang='lat' dir='ltr'>ert</span> <span class='ocrx_word' id='word_1_96' title='bbox 886 1047 942 1099; x_wconf 87' lang='lat' dir='ltr'>qua</span> <span class='ocrx_word' id='word_1_97' title='bbox 959 1031 1044 1101; x_wconf 88' lang='lat' dir='ltr'>Spita·</span> <span class='ocrx_word' id='word_1_98' title='bbox 1125 1029 1126 1032; x_wconf 65' lang='grc'>’</span> 
     </span>
     <span class='ocr_line' id='line_1_13' title="bbox 128 1100 1045 1172; baseline -0.001 -17"><span class='ocrx_word' id='word_1_99' title='bbox 128 1119 228 1166; x_wconf 86' lang='lat' dir='ltr'>menes,</span> <span class='ocrx_word' id='word_1_100' title='bbox 250 1111 386 1172; x_wconf 88' lang='lat' dir='ltr'>comperto</span> <span class='ocrx_word' id='word_1_101' title='bbox 405 1101 463 1171; x_wconf 85' lang='lat' dir='ltr'>ejus</span> <span class='ocrx_word' id='word_1_102' title='bbox 482 1101 606 1170; x_wconf 88' lang='lat' dir='ltr'>adventu,</span> <span class='ocrx_word' id='word_1_103' title='bbox 629 1101 723 1154; x_wconf 84' lang='lat' dir='ltr'>Bactra</span> <span class='ocrx_word' id='word_1_104' title='bbox 742 1100 914 1170; x_wconf 83' lang='lat' dir='ltr'>perfugerat.⁴</span> <span class='ocrx_word' id='word_1_105' title='bbox 950 1102 1045 1171; x_wconf 91' lang='lat' dir='ltr'>Itaque</span> 
     </span>
     <span class='ocr_line' id='line_1_14' title="bbox 128 1171 1126 1244; baseline 0 -20"><span class='ocrx_word' id='word_1_106' title='bbox 128 1172 265 1244; x_wconf 82' lang='lat' dir='ltr'>quatriduo</span> <span class='ocrx_word' id='word_1_107' title='bbox 284 1190 331 1224; x_wconf 85' lang='lat' dir='ltr'>rex</span> <span class='ocrx_word' id='word_1_108' title='bbox 347 1172 455 1240; x_wconf 86' lang='lat' dir='ltr'>longum</span> <span class='ocrx_word' id='word_1_109' title='bbox 477 1171 579 1224; x_wconf 90' lang='lat' dir='ltr'>itineris</span> <span class='ocrx_word' id='word_1_110' title='bbox 598 1171 712 1242; x_wconf 86' lang='lat' dir='ltr'>spatium</span> <span class='ocrx_word' id='word_1_111' title='bbox 731 1187 864 1238; x_wconf 88' lang='lat' dir='ltr'>emensus,</span> <span class='ocrx_word' id='word_1_112' title='bbox 884 1181 1044 1240; x_wconf 88' lang='lat' dir='ltr'>pervenerat</span> <span class='ocrx_word' id='word_1_113' title='bbox 1125 1177 1126 1230; x_wconf 83' lang='lat' dir='ltr'>l</span> 
     </span>
     <span class='ocr_line' id='line_1_15' title="bbox 80 1239 1126 1312; baseline 0 -18"><span class='ocrx_word' id='word_1_114' title='bbox 80 1293 85 1306; x_wconf 80' lang='grc'><em>,</em></span> <span class='ocrx_word' id='word_1_115' title='bbox 128 1244 152 1295; x_wconf 91' lang='lat' dir='ltr'>in</span> <span class='ocrx_word' id='word_1_116' title='bbox 172 1259 235 1295; x_wconf 87' lang='lat' dir='ltr'>eunt</span> <span class='ocrx_word' id='word_1_117' title='bbox 253 1242 349 1312; x_wconf 88' lang='lat' dir='ltr'>locum,</span> <span class='ocrx_word' id='word_1_118' title='bbox 366 1244 391 1294; x_wconf 90' lang='lat' dir='ltr'>in</span> <span class='ocrx_word' id='word_1_119' title='bbox 409 1257 469 1312; x_wconf 91' lang='lat' dir='ltr'>quo,</span> <span class='ocrx_word' id='word_1_120' title='bbox 483 1242 647 1294; x_wconf 80' lang='lat' dir='ltr'>Menedemo</span> <span class='ocrx_word' id='word_1_121' title='bbox 665 1240 742 1310; x_wconf 90' lang='lat' dir='ltr'>duee,</span> <span class='ocrx_word' id='word_1_122' title='bbox 755 1240 780 1293; x_wconf 90' lang='lat' dir='ltr'>Il</span> <span class='ocrx_word' id='word_1_123' title='bbox 792 1239 867 1293; x_wconf 89' lang='lat' dir='ltr'>milia</span> <span class='ocrx_word' id='word_1_124' title='bbox 879 1241 1006 1308; x_wconf 86' lang='lat' dir='ltr'>peditum</span> <span class='ocrx_word' id='word_1_125' title='bbox 1019 1251 1044 1295; x_wconf 87' lang='lat' dir='ltr'>et</span> <span class='ocrx_word' id='word_1_126' title='bbox 1125 1239 1126 1278; x_wconf 60' lang='lat'><em>³</em></span> 
     </span>
    </p>
   </div>
   <div class='ocr_carea' id='block_1_6' title="bbox 125 1310 1045 2502">
    <p class='ocr_par' dir='ltr' id='par_1_6' title="bbox 126 1310 1045 1670">
     <span class='ocr_line' id='line_1_16' title="bbox 127 1310 1044 1381; baseline -0.001 -16"><span class='ocrx_word' id='word_1_127' title='bbox 127 1313 191 1365; x_wconf 83' lang='lat' dir='ltr'>CCC</span> <span class='ocrx_word' id='word_1_128' title='bbox 203 1311 306 1381; x_wconf 88' lang='lat' dir='ltr'>equites</span> <span class='ocrx_word' id='word_1_129' title='bbox 318 1311 453 1364; x_wconf 86' lang='lat' dir='ltr'>amiserat.</span> <span class='ocrx_word' id='word_1_130' title='bbox 490 1312 591 1365; x_wconf 89' lang='lat' dir='ltr'>Horum</span> <span class='ocrx_word' id='word_1_131' title='bbox 602 1328 663 1364; x_wconf 89' lang='lat' dir='ltr'>ossa</span> <span class='ocrx_word' id='word_1_132' title='bbox 676 1310 778 1363; x_wconf 88' lang='lat' dir='ltr'>tumulo</span> <span class='ocrx_word' id='word_1_133' title='bbox 793 1311 897 1379; x_wconf 87' lang='lat' dir='ltr'>contegi</span> <span class='ocrx_word' id='word_1_134' title='bbox 915 1311 1005 1381; x_wconf 84' lang='lat' dir='ltr'>jussit,</span> <span class='ocrx_word' id='word_1_135' title='bbox 1019 1323 1044 1364; x_wconf 90' lang='lat' dir='ltr'>ct</span> 
     </span>
     <span class='ocr_line' id='line_1_17' title="bbox 127 1380 1045 1452; baseline -0.002 -17"><span class='ocrx_word' id='word_1_136' title='bbox 127 1381 235 1435; x_wconf 81' lang='lat' dir='ltr'>inferias</span> <span class='ocrx_word' id='word_1_137' title='bbox 258 1399 330 1434; x_wconf 87' lang='lat' dir='ltr'>more</span> <span class='ocrx_word' id='word_1_138' title='bbox 354 1382 436 1452; x_wconf 89' lang='lat' dir='ltr'>patrio</span> <span class='ocrx_word' id='word_1_139' title='bbox 460 1380 544 1434; x_wconf 87' lang='lat' dir='ltr'>dedit.</span> <span class='ocrx_word' id='word_1_140' title='bbox 580 1383 642 1435; x_wconf 88' lang='lat' dir='ltr'>lam</span> <span class='ocrx_word' id='word_1_141' title='bbox 665 1382 795 1450; x_wconf 86' lang='lat' dir='ltr'>Craterus,</span> <span class='ocrx_word' id='word_1_142' title='bbox 820 1397 884 1434; x_wconf 88' lang='lat' dir='ltr'>cum</span> <span class='ocrx_word' id='word_1_143' title='bbox 908 1381 1045 1450; x_wconf 83' lang='lat' dir='ltr'>phalange</span> 
     </span>
     <span class='ocr_line' id='line_1_18' title="bbox 128 1450 1043 1522; baseline 0 -18"><span class='ocrx_word' id='word_1_144' title='bbox 128 1451 254 1522; x_wconf 82' lang='lat' dir='ltr'>subsequi</span> <span class='ocrx_word' id='word_1_145' title='bbox 271 1451 367 1520; x_wconf 86' lang='lat' dir='ltr'>jussus,</span> <span class='ocrx_word' id='word_1_146' title='bbox 381 1450 415 1502; x_wconf 87' lang='lat' dir='ltr'>ad</span> <span class='ocrx_word' id='word_1_147' title='bbox 428 1467 518 1518; x_wconf 80' lang='lat' dir='ltr'>regem</span> <span class='ocrx_word' id='word_1_148' title='bbox 531 1459 697 1520; x_wconf 87' lang='lat' dir='ltr'>pervenerat.</span> <span class='ocrx_word' id='word_1_149' title='bbox 734 1451 827 1520; x_wconf 87' lang='lat' dir='ltr'>ltaque</span> <span class='ocrx_word' id='word_1_150' title='bbox 840 1459 869 1502; x_wconf 92' lang='lat' dir='ltr'>ut</span> <span class='ocrx_word' id='word_1_151' title='bbox 881 1467 985 1519; x_wconf 89' lang='lat' dir='ltr'>omues,</span> <span class='ocrx_word' id='word_1_152' title='bbox 998 1452 1043 1520; x_wconf 91' lang='lat' dir='ltr'>qui</span> 
     </span>
     <span class='ocr_line' id='line_1_19' title="bbox 127 1520 1041 1592; baseline 0 -18"><span class='ocrx_word' id='word_1_153' title='bbox 127 1521 289 1590; x_wconf 84' lang='lat' dir='ltr'>deiecerant,</span> <span class='ocrx_word' id='word_1_154' title='bbox 310 1522 408 1591; x_wconf 88' lang='lat' dir='ltr'>pariter</span> <span class='ocrx_word' id='word_1_155' title='bbox 427 1520 491 1573; x_wconf 90' lang='lat' dir='ltr'>belli</span> <span class='ocrx_word' id='word_1_156' title='bbox 512 1521 590 1574; x_wconf 89' lang='lat' dir='ltr'>clade</span> <span class='ocrx_word' id='word_1_157' title='bbox 610 1529 801 1592; x_wconf 88' lang='lat' dir='ltr'>premerentur,</span> <span class='ocrx_word' id='word_1_158' title='bbox 822 1521 914 1592; x_wconf 89' lang='lat' dir='ltr'>copias</span> <span class='ocrx_word' id='word_1_159' title='bbox 937 1521 1041 1591; x_wconf 88' lang='lat' dir='ltr'>dividit,</span> 
     </span>
     <span class='ocr_line' id='line_1_20' title="bbox 126 1590 707 1670; baseline -0.003 -26"><span class='ocrx_word' id='word_1_160' title='bbox 126 1593 220 1660; x_wconf 87' lang='lat' dir='ltr'>urique</span> <span class='ocrx_word' id='word_1_161' title='bbox 232 1607 316 1660; x_wconf 83' lang='lat' dir='ltr'>agros,</span> <span class='ocrx_word' id='word_1_162' title='bbox 330 1599 356 1643; x_wconf 91' lang='lat' dir='ltr'>et</span> <span class='ocrx_word' id='word_1_163' title='bbox 370 1590 481 1644; x_wconf 87' lang='lat' dir='ltr'>interfici</span> <span class='ocrx_word' id='word_1_164' title='bbox 495 1592 609 1670; x_wconf 81' lang='lat' dir='ltr'>puberes</span> <span class='ocrx_word' id='word_1_165' title='bbox 620 1591 707 1661; x_wconf 88' lang='lat' dir='ltr'>jussit.</span> 
     </span>
    </p>

    <p class='ocr_par' dir='ltr' id='par_1_7' title="bbox 125 1660 1043 2502">
     <span class='ocr_line' id='line_1_21' title="bbox 161 1660 1043 1731; baseline 0.002 -19"><span class='ocrx_word' id='word_1_166' title='bbox 161 1665 202 1713; x_wconf 82' lang='grc'>39.</span> <span class='ocrx_word' id='word_1_167' title='bbox 221 1660 352 1730; x_wconf 87' lang='lat' dir='ltr'>Sogdiana</span> <span class='ocrx_word' id='word_1_168' title='bbox 365 1662 435 1730; x_wconf 86' lang='lat' dir='ltr'>regio</span> <span class='ocrx_word' id='word_1_169' title='bbox 448 1678 547 1731; x_wconf 68' lang='lat' dir='ltr'>majore</span> <span class='ocrx_word' id='word_1_170' title='bbox 560 1670 681 1731; x_wconf 85' lang='lat' dir='ltr'>exparte</span> <span class='ocrx_word' id='word_1_171' title='bbox 693 1661 799 1712; x_wconf 87' lang='lat' dir='ltr'>deserta</span> <span class='ocrx_word' id='word_1_172' title='bbox 811 1668 869 1714; x_wconf 82' lang='lat' dir='ltr'>est:</span> <span class='ocrx_word' id='word_1_173' title='bbox 890 1660 1043 1728; x_wconf 81' lang='lat' dir='ltr'>octingenta</span> 
     </span>
     <span class='ocr_line' id='line_1_22' title="bbox 126 1729 1043 1799; baseline 0.003 -15"><span class='ocrx_word' id='word_1_174' title='bbox 126 1731 182 1784; x_wconf 86' lang='lat' dir='ltr'>fere</span> <span class='ocrx_word' id='word_1_175' title='bbox 201 1731 287 1784; x_wconf 88' lang='lat' dir='ltr'>stadia</span> <span class='ocrx_word' id='word_1_176' title='bbox 305 1731 330 1784; x_wconf 92' lang='lat' dir='ltr'>in</span> <span class='ocrx_word' id='word_1_177' title='bbox 350 1731 519 1785; x_wconf 86' lang='lat' dir='ltr'>latitudinem</span> <span class='ocrx_word' id='word_1_178' title='bbox 533 1739 624 1784; x_wconf 88' lang='lat' dir='ltr'>vastae</span> <span class='ocrx_word' id='word_1_179' title='bbox 637 1729 795 1783; x_wconf 87' lang='lat' dir='ltr'>solitudines</span> <span class='ocrx_word' id='word_1_180' title='bbox 806 1738 907 1784; x_wconf 83' lang='lat' dir='ltr'>tenent.</span> <span class='ocrx_word' id='word_1_181' title='bbox 945 1731 1043 1799; x_wconf 81' lang='lat' dir='ltr'>Ingens</span> 
     </span>
     <span class='ocr_line' id='line_1_23' title="bbox 126 1800 1043 1872; baseline 0 -18"><span class='ocrx_word' id='word_1_182' title='bbox 126 1801 244 1872; x_wconf 87' lang='lat' dir='ltr'>spatium</span> <span class='ocrx_word' id='word_1_183' title='bbox 262 1811 351 1854; x_wconf 86' lang='lat' dir='ltr'>rectae</span> <span class='ocrx_word' id='word_1_184' title='bbox 370 1802 494 1870; x_wconf 71' lang='lat' dir='ltr'>regionis⁵</span> <span class='ocrx_word' id='word_1_185' title='bbox 511 1809 559 1872; x_wconf 83' lang='lat' dir='ltr'>est,</span> <span class='ocrx_word' id='word_1_186' title='bbox 576 1815 624 1870; x_wconf 91' lang='lat' dir='ltr'>per</span> <span class='ocrx_word' id='word_1_187' title='bbox 641 1817 723 1870; x_wconf 89' lang='lat' dir='ltr'>quam</span> <span class='ocrx_word' id='word_1_188' title='bbox 738 1801 833 1870; x_wconf 86' lang='lat' dir='ltr'>amnis,</span> <span class='ocrx_word' id='word_1_189' title='bbox 847 1800 1043 1870; x_wconf 86' lang='lat' dir='ltr'>Polytimetum</span> 
     </span>
     <span class='ocr_line' id='line_1_24' title="bbox 126 1871 1041 1943; baseline 0 -19"><span class='ocrx_word' id='word_1_190' title='bbox 126 1879 222 1924; x_wconf 84' lang='lat' dir='ltr'>vocant</span> <span class='ocrx_word' id='word_1_191' title='bbox 246 1871 356 1943; x_wconf 88' lang='lat' dir='ltr'>incolae,</span> <span class='ocrx_word' id='word_1_192' title='bbox 381 1872 471 1926; x_wconf 81' lang='lat' dir='ltr'>fertur.</span> <span class='ocrx_word' id='word_1_193' title='bbox 513 1872 670 1924; x_wconf 90' lang='lat' dir='ltr'>Torrentem</span> <span class='ocrx_word' id='word_1_194' title='bbox 693 1887 756 1923; x_wconf 88' lang='lat' dir='ltr'>eum</span> <span class='ocrx_word' id='word_1_195' title='bbox 780 1871 854 1940; x_wconf 88' lang='lat' dir='ltr'>ripae</span> <span class='ocrx_word' id='word_1_196' title='bbox 878 1871 906 1923; x_wconf 87' lang='lat' dir='ltr'>in</span> <span class='ocrx_word' id='word_1_197' title='bbox 930 1879 1041 1924; x_wconf 90' lang='lat' dir='ltr'>tenuem</span> 
     </span>
     <span class='ocr_line' id='line_1_25' title="bbox 125 1939 1041 2011; baseline -0.001 -16"><span class='ocrx_word' id='word_1_198' title='bbox 125 1941 233 1996; x_wconf 86' lang='lat' dir='ltr'>alveum</span> <span class='ocrx_word' id='word_1_199' title='bbox 252 1951 366 2011; x_wconf 61' lang='lat' dir='ltr'>cogunt:</span> <span class='ocrx_word' id='word_1_200' title='bbox 384 1941 482 1996; x_wconf 88' lang='lat' dir='ltr'>deinde</span> <span class='ocrx_word' id='word_1_201' title='bbox 500 1957 614 1994; x_wconf 85' lang='lat' dir='ltr'>caverna</span> <span class='ocrx_word' id='word_1_202' title='bbox 632 1939 736 2010; x_wconf 87' lang='lat' dir='ltr'>accipit,</span> <span class='ocrx_word' id='word_1_203' title='bbox 750 1948 777 1992; x_wconf 88' lang='lat' dir='ltr'>et</span> <span class='ocrx_word' id='word_1_204' title='bbox 789 1939 840 1993; x_wconf 90' lang='lat' dir='ltr'>sub</span> <span class='ocrx_word' id='word_1_205' title='bbox 852 1948 953 1994; x_wconf 89' lang='lat' dir='ltr'>terram</span> <span class='ocrx_word' id='word_1_206' title='bbox 967 1941 1041 2011; x_wconf 90' lang='lat' dir='ltr'>rapit.</span> 
     </span>
     <span class='ocr_line' id='line_1_26' title="bbox 126 2009 1042 2082; baseline -0.001 -17"><span class='ocrx_word' id='word_1_207' title='bbox 126 2013 225 2066; x_wconf 85' lang='lat' dir='ltr'>Cursus</span> <span class='ocrx_word' id='word_1_208' title='bbox 243 2011 392 2065; x_wconf 84' lang='lat' dir='ltr'>absconditi</span> <span class='ocrx_word' id='word_1_209' title='bbox 411 2011 549 2065; x_wconf 79' lang='lat' dir='ltr'>indicium⁶</span> <span class='ocrx_word' id='word_1_210' title='bbox 567 2019 608 2064; x_wconf 90' lang='lat' dir='ltr'>est</span> <span class='ocrx_word' id='word_1_211' title='bbox 627 2027 714 2080; x_wconf 87' lang='lat' dir='ltr'>aquae</span> <span class='ocrx_word' id='word_1_212' title='bbox 734 2009 850 2064; x_wconf 86' lang='lat' dir='ltr'>meantis</span> <span class='ocrx_word' id='word_1_213' title='bbox 868 2027 959 2082; x_wconf 81' lang='lat' dir='ltr'>sonus,</span> <span class='ocrx_word' id='word_1_214' title='bbox 979 2023 1042 2064; x_wconf 89' lang='lat' dir='ltr'>cum</span> 
     </span>
     <span class='ocr_line' id='line_1_27' title="bbox 127 2079 1042 2154; baseline 0 -20"><span class='ocrx_word' id='word_1_215' title='bbox 127 2083 214 2154; x_wconf 88' lang='lat' dir='ltr'>ipsum</span> <span class='ocrx_word' id='word_1_216' title='bbox 226 2081 319 2151; x_wconf 86' lang='lat' dir='ltr'>solunt,</span> <span class='ocrx_word' id='word_1_217' title='bbox 334 2083 384 2136; x_wconf 85' lang='lat' dir='ltr'>sub</span> <span class='ocrx_word' id='word_1_218' title='bbox 401 2099 454 2152; x_wconf 88' lang='lat' dir='ltr'>quo</span> <span class='ocrx_word' id='word_1_219' title='bbox 473 2089 562 2136; x_wconf 85' lang='lat' dir='ltr'>tantus</span> <span class='ocrx_word' id='word_1_220' title='bbox 579 2082 668 2133; x_wconf 86' lang='lat' dir='ltr'>amnis</span> <span class='ocrx_word' id='word_1_221' title='bbox 685 2079 751 2149; x_wconf 86' lang='lat' dir='ltr'>fluit,</span> <span class='ocrx_word' id='word_1_222' title='bbox 765 2097 800 2132; x_wconf 91' lang='lat' dir='ltr'>ne</span> <span class='ocrx_word' id='word_1_223' title='bbox 812 2079 920 2134; x_wconf 87' lang='lat' dir='ltr'>modico</span> <span class='ocrx_word' id='word_1_224' title='bbox 931 2081 1042 2151; x_wconf 89' lang='lat' dir='ltr'>quidem</span> 
     </span>
     <span class='ocr_line' id='line_1_28' title="bbox 126 2149 1042 2220; baseline 0.001 -16"><span class='ocrx_word' id='word_1_225' title='bbox 126 2151 232 2204; x_wconf 88' lang='lat' dir='ltr'>resudet</span> <span class='ocrx_word' id='word_1_226' title='bbox 252 2151 372 2206; x_wconf 85' lang='lat' dir='ltr'>humore.</span> <span class='ocrx_word' id='word_1_227' title='bbox 410 2153 451 2205; x_wconf 82' lang='lat' dir='ltr'>Ex</span> <span class='ocrx_word' id='word_1_228' title='bbox 471 2151 583 2220; x_wconf 85' lang='lat' dir='ltr'>captivis</span> <span class='ocrx_word' id='word_1_229' title='bbox 602 2149 790 2219; x_wconf 85' lang='lat' dir='ltr'>Sogdianorum</span> <span class='ocrx_word' id='word_1_230' title='bbox 810 2149 844 2203; x_wconf 89' lang='lat' dir='ltr'>ad</span> <span class='ocrx_word' id='word_1_231' title='bbox 865 2166 961 2220; x_wconf 87' lang='lat' dir='ltr'>regem</span> <span class='ocrx_word' id='word_1_232' title='bbox 972 2151 1042 2205; x_wconf 87' lang='lat' dir='ltr'>XXX</span> 
     </span>
     <span class='ocr_line' id='line_1_29' title="bbox 126 2219 1042 2292; baseline 0.001 -19"><span class='ocrx_word' id='word_1_233' title='bbox 126 2221 291 2290; x_wconf 88' lang='lat' dir='ltr'>nobilissimi,</span> <span class='ocrx_word' id='word_1_234' title='bbox 305 2236 443 2292; x_wconf 89' lang='lat' dir='ltr'>corpomm</span> <span class='ocrx_word' id='word_1_235' title='bbox 462 2222 553 2275; x_wconf 91' lang='lat' dir='ltr'>robore</span> <span class='ocrx_word' id='word_1_236' title='bbox 572 2221 678 2289; x_wconf 83' lang='lat' dir='ltr'>eximio,</span> <span class='ocrx_word' id='word_1_237' title='bbox 694 2219 816 2290; x_wconf 88' lang='lat' dir='ltr'>perducti</span> <span class='ocrx_word' id='word_1_238' title='bbox 834 2231 926 2274; x_wconf 88' lang='lat' dir='ltr'>erant:</span> <span class='ocrx_word' id='word_1_239' title='bbox 947 2223 993 2292; x_wconf 91' lang='lat' dir='ltr'>qui</span> <span class='ocrx_word' id='word_1_240' title='bbox 1014 2231 1042 2274; x_wconf 93' lang='lat' dir='ltr'>ut</span> 
     </span>
     <span class='ocr_line' id='line_1_30' title="bbox 125 2289 1042 2370; baseline 0.004 -29"><span class='ocrx_word' id='word_1_241' title='bbox 125 2307 172 2360; x_wconf 92' lang='lat' dir='ltr'>per</span> <span class='ocrx_word' id='word_1_242' title='bbox 190 2290 362 2360; x_wconf 86' lang='lat' dir='ltr'>interpretem</span> <span class='ocrx_word' id='word_1_243' title='bbox 380 2299 566 2362; x_wconf 85' lang='lat' dir='ltr'>cognoverunt,</span> <span class='ocrx_word' id='word_1_244' title='bbox 579 2291 654 2360; x_wconf 87' lang='lat' dir='ltr'>jussu</span> <span class='ocrx_word' id='word_1_245' title='bbox 667 2290 737 2358; x_wconf 84' lang='lat' dir='ltr'>regis</span> <span class='ocrx_word' id='word_1_246' title='bbox 749 2289 821 2370; x_wconf 88' lang='lat' dir='ltr'>ipsos</span> <span class='ocrx_word' id='word_1_247' title='bbox 832 2290 866 2344; x_wconf 91' lang='lat' dir='ltr'>ad</span> <span class='ocrx_word' id='word_1_248' title='bbox 879 2292 1042 2362; x_wconf 88' lang='lat' dir='ltr'>supplicium</span> 
     </span>
     <span class='ocr_line' id='line_1_31' title="bbox 126 2359 1043 2430; baseline 0.003 -18"><span class='ocrx_word' id='word_1_249' title='bbox 126 2359 201 2429; x_wconf 85' lang='lat' dir='ltr'>trahi,</span> <span class='ocrx_word' id='word_1_250' title='bbox 219 2377 328 2413; x_wconf 84' lang='lat' dir='ltr'>carmen</span> <span class='ocrx_word' id='word_1_251' title='bbox 346 2361 502 2415; x_wconf 86' lang='lat' dir='ltr'>laetantium</span> <span class='ocrx_word' id='word_1_252' title='bbox 520 2360 599 2414; x_wconf 91' lang='lat' dir='ltr'>modo</span> <span class='ocrx_word' id='word_1_253' title='bbox 617 2375 721 2429; x_wconf 87' lang='lat' dir='ltr'>canere,</span> <span class='ocrx_word' id='word_1_254' title='bbox 736 2359 912 2430; x_wconf 81' lang='lat' dir='ltr'>tripudiisque</span> <span class='ocrx_word' id='word_1_255' title='bbox 925 2370 953 2414; x_wconf 88' lang='lat' dir='ltr'>et</span> <span class='ocrx_word' id='word_1_256' title='bbox 966 2361 1043 2414; x_wconf 90' lang='lat' dir='ltr'>lasci·</span> 
     </span>
     <span class='ocr_line' id='line_1_32' title="bbox 125 2429 1043 2502; baseline 0.001 -19"><span class='ocrx_word' id='word_1_257' title='bbox 125 2429 191 2483; x_wconf 87' lang='lat' dir='ltr'>riori</span> <span class='ocrx_word' id='word_1_258' title='bbox 203 2429 318 2498; x_wconf 89' lang='lat' dir='ltr'>corporis</span> <span class='ocrx_word' id='word_1_259' title='bbox 330 2431 550 2500; x_wconf 75' lang='lat' dir='ltr'>motulgaudium</span> <span class='ocrx_word' id='word_1_260' title='bbox 558 2429 691 2500; x_wconf 88' lang='lat' dir='ltr'>quoddam</span> <span class='ocrx_word' id='word_1_261' title='bbox 703 2430 787 2482; x_wconf 86' lang='lat' dir='ltr'>animi</span> <span class='ocrx_word' id='word_1_262' title='bbox 799 2438 935 2483; x_wconf 88' lang='lat' dir='ltr'>ostentare</span> <span class='ocrx_word' id='word_1_263' title='bbox 947 2447 1043 2502; x_wconf 90' lang='lat' dir='ltr'>coepe·</span> 
     </span>
    </p>
   </div>
   <div class='ocr_carea' id='block_1_7' title="bbox 124 2525 1044 2800">
    <p class='ocr_par' dir='ltr' id='par_1_8' title="bbox 124 2525 1044 2800">
     <span class='ocr_line' id='line_1_33' title="bbox 126 2525 1044 2618; baseline 0.002 -12"><span class='ocrx_word' id='word_1_264' title='bbox 126 2525 160 2588; x_wconf 45' lang='lat'>‘¹</span> <span class='ocrx_word' id='word_1_265' title='bbox 173 2557 235 2606; x_wconf 73' lang='lat' dir='ltr'>rats</span> <span class='ocrx_word' id='word_1_266' title='bbox 246 2571 317 2605; x_wconf 73' lang='lat' dir='ltr'>name</span> <span class='ocrx_word' id='word_1_267' title='bbox 327 2535 349 2606; x_wconf 62' lang='lat' dir='ltr'>&#39;ts</span> <span class='ocrx_word' id='word_1_268' title='bbox 360 2557 434 2618; x_wconf 71' lang='lat' dir='ltr'>guen</span> <span class='ocrx_word' id='word_1_269' title='bbox 443 2566 469 2605; x_wconf 74' lang='lat' dir='ltr'>to</span> <span class='ocrx_word' id='word_1_270' title='bbox 479 2555 549 2604; x_wconf 70' lang='lat' dir='ltr'>trote</span> <span class='ocrx_word' id='word_1_271' title='bbox 559 2555 589 2603; x_wconf 85' lang='lat' dir='ltr'>of</span> <span class='ocrx_word' id='word_1_272' title='bbox 600 2555 642 2603; x_wconf 72' lang='lat' dir='ltr'>the</span> <span class='ocrx_word' id='word_1_273' title='bbox 654 2555 783 2616; x_wconf 71' lang='lat' dir='ltr'>scyrrum</span> <span class='ocrx_word' id='word_1_274' title='bbox 792 2556 849 2606; x_wconf 78' lang='lat' dir='ltr'>who</span> <span class='ocrx_word' id='word_1_275' title='bbox 859 2556 937 2606; x_wconf 73' lang='lat' dir='ltr'>owen</span> <span class='ocrx_word' id='word_1_276' title='bbox 947 2570 1044 2608; x_wconf 68' lang='lat' dir='ltr'>naresi</span> 
     </span>
     <span class='ocr_line' id='line_1_34' title="bbox 124 2618 1042 2740; baseline 0 -12"><span class='ocrx_word' id='word_1_277' title='bbox 124 2619 166 2710; x_wconf 53' lang='lat' dir='ltr'>th?</span> <span class='ocrx_word' id='word_1_278' title='bbox 173 2618 391 2728; x_wconf 52' lang='lat' dir='ltr'>Xbxlebifferent</span> <span class='ocrx_word' id='word_1_279' title='bbox 399 2676 488 2726; x_wconf 82' lang='lat' dir='ltr'>chades</span> <span class='ocrx_word' id='word_1_280' title='bbox 495 2673 523 2724; x_wconf 91' lang='lat' dir='ltr'>of</span> <span class='ocrx_word' id='word_1_281' title='bbox 529 2675 642 2736; x_wconf 81' lang='lat' dir='ltr'>meaning</span> <span class='ocrx_word' id='word_1_282' title='bbox 649 2675 674 2723; x_wconf 90' lang='lat' dir='ltr'>in</span> <span class='ocrx_word' id='word_1_283' title='bbox 680 2683 727 2724; x_wconf 78' lang='lat' dir='ltr'>turn</span> <span class='ocrx_word' id='word_1_284' title='bbox 733 2692 810 2738; x_wconf 82' lang='lat' dir='ltr'>quam,</span> <span class='ocrx_word' id='word_1_285' title='bbox 820 2693 868 2726; x_wconf 79' lang='lat' dir='ltr'>aon</span> <span class='ocrx_word' id='word_1_286' title='bbox 874 2680 957 2727; x_wconf 74' lang='lat' dir='ltr'>mahar</span> <span class='ocrx_word' id='word_1_287' title='bbox 964 2695 1042 2740; x_wconf 80' lang='lat' dir='ltr'>qaam,</span> 
     </span>
     <span class='ocr_line' id='line_1_35' title="bbox 124 2734 659 2800; baseline -0.009 -12"><span class='ocrx_word' id='word_1_288' title='bbox 124 2739 171 2788; x_wconf 90' lang='lat' dir='ltr'>and</span> <span class='ocrx_word' id='word_1_289' title='bbox 182 2756 230 2787; x_wconf 82' lang='lat' dir='ltr'>nou</span> <span class='ocrx_word' id='word_1_290' title='bbox 240 2740 316 2800; x_wconf 79' lang='lat' dir='ltr'>magis</span> <span class='ocrx_word' id='word_1_291' title='bbox 327 2753 404 2799; x_wconf 80' lang='lat' dir='ltr'>quum,</span> <span class='ocrx_word' id='word_1_292' title='bbox 417 2753 458 2786; x_wconf 88' lang='lat' dir='ltr'>see</span> <span class='ocrx_word' id='word_1_293' title='bbox 470 2736 568 2795; x_wconf 88' lang='lat' dir='ltr'>Zumpt,</span> <span class='ocrx_word' id='word_1_294' title='bbox 582 2734 595 2786; x_wconf 71' lang='lat' dir='ltr'>l</span> <span class='ocrx_word' id='word_1_295' title='bbox 607 2739 659 2784; x_wconf 80' lang='lat'><strong>725.</strong></span> 
     </span>
    </p>
   </div>
   <div class='ocr_carea' id='block_1_8' title="bbox 124 2807 1046 3112">
    <p class='ocr_par' dir='ltr' id='par_1_9' title="bbox 124 2807 1046 3112">
     <span class='ocr_line' id='line_1_36' title="bbox 153 2807 1043 2871; baseline 0 -11"><span class='ocrx_word' id='word_1_296' title='bbox 153 2818 163 2842; x_wconf 84' lang='lat'>⁸</span> <span class='ocrx_word' id='word_1_297' title='bbox 173 2811 340 2871; x_wconf 87' lang='lat' dir='ltr'>Hephaestion</span> <span class='ocrx_word' id='word_1_298' title='bbox 347 2809 457 2860; x_wconf 84' lang='lat' dir='ltr'>excelled</span> <span class='ocrx_word' id='word_1_299' title='bbox 462 2809 522 2865; x_wconf 91' lang='lat' dir='ltr'>him,</span> <span class='ocrx_word' id='word_1_300' title='bbox 532 2807 660 2865; x_wconf 80' lang='lat' dir='ltr'>therefore,</span> <span class='ocrx_word' id='word_1_301' title='bbox 668 2807 693 2859; x_wconf 89' lang='lat' dir='ltr'>iu</span> <span class='ocrx_word' id='word_1_302' title='bbox 700 2810 769 2871; x_wconf 83' lang='lat' dir='ltr'>lepor.</span> <span class='ocrx_word' id='word_1_303' title='bbox 788 2808 842 2861; x_wconf 88' lang='lat' dir='ltr'>Our</span> <span class='ocrx_word' id='word_1_304' title='bbox 847 2809 937 2859; x_wconf 85' lang='lat' dir='ltr'>author</span> <span class='ocrx_word' id='word_1_305' title='bbox 946 2811 1043 2860; x_wconf 84' lang='lat' dir='ltr'>charac-</span> 
     </span>
     <span class='ocr_line' id='line_1_37' title="bbox 124 2869 1046 2951; baseline 0 -31"><span class='ocrx_word' id='word_1_306' title='bbox 124 2871 210 2920; x_wconf 86' lang='lat' dir='ltr'>terises</span> <span class='ocrx_word' id='word_1_307' title='bbox 220 2871 271 2920; x_wconf 84' lang='lat' dir='ltr'>this</span> <span class='ocrx_word' id='word_1_308' title='bbox 282 2870 375 2931; x_wconf 85' lang='lat' dir='ltr'>quality</span> <span class='ocrx_word' id='word_1_309' title='bbox 386 2887 412 2919; x_wconf 91' lang='lat' dir='ltr'>as</span> <span class='ocrx_word' id='word_1_310' title='bbox 423 2885 469 2918; x_wconf 87' lang='lat' dir='ltr'>one</span> <span class='ocrx_word' id='word_1_311' title='bbox 483 2875 539 2918; x_wconf 89' lang='lat' dir='ltr'>‘not</span> <span class='ocrx_word' id='word_1_312' title='bbox 550 2884 610 2929; x_wconf 83' lang='lat' dir='ltr'>very</span> <span class='ocrx_word' id='word_1_313' title='bbox 621 2869 677 2917; x_wconf 86' lang='lat' dir='ltr'>well</span> <span class='ocrx_word' id='word_1_314' title='bbox 689 2869 817 2951; x_wconf 67' lang='lat' dir='ltr'>becominq</span> <span class='ocrx_word' id='word_1_315' title='bbox 828 2879 869 2917; x_wconf 85' lang='lat' dir='ltr'>tue</span> <span class='ocrx_word' id='word_1_316' title='bbox 881 2869 980 2938; x_wconf 84' lang='lat' dir='ltr'>dignity</span> <span class='ocrx_word' id='word_1_317' title='bbox 991 2872 1020 2920; x_wconf 89' lang='lat' dir='ltr'>of</span> <span class='ocrx_word' id='word_1_318' title='bbox 1031 2888 1046 2920; x_wconf 88' lang='lat' dir='ltr'>a</span> 
     </span>
     <span class='ocr_line' id='line_1_38' title="bbox 124 2928 1045 2998; baseline 0.002 -20"><span class='ocrx_word' id='word_1_319' title='bbox 124 2930 197 2978; x_wconf 68' lang='lat' dir='ltr'>rnen!</span> <span class='ocrx_word' id='word_1_320' title='bbox 279 2948 305 2978; x_wconf 80' lang='lat' dir='ltr'>or</span> <span class='ocrx_word' id='word_1_321' title='bbox 316 2931 337 2979; x_wconf 87' lang='lat' dir='ltr'>is</span> <span class='ocrx_word' id='word_1_322' title='bbox 349 2931 415 2978; x_wconf 85' lang='lat' dir='ltr'>what</span> <span class='ocrx_word' id='word_1_323' title='bbox 426 2945 465 2978; x_wconf 89' lang='lat' dir='ltr'>we</span> <span class='ocrx_word' id='word_1_324' title='bbox 475 2928 521 2978; x_wconf 86' lang='lat' dir='ltr'>eall</span> <span class='ocrx_word' id='word_1_325' title='bbox 540 2934 546 2956; x_wconf 90' lang='lat'>‘</span> <span class='ocrx_word' id='word_1_326' title='bbox 554 2944 625 2990; x_wconf 86' lang='lat' dir='ltr'>grace</span> <span class='ocrx_word' id='word_1_327' title='bbox 641 2928 669 2976; x_wconf 85' lang='lat' dir='ltr'>ol</span> <span class='ocrx_word' id='word_1_328' title='bbox 682 2943 803 2986; x_wconf 88' lang='lat' dir='ltr'>manners,</span> <span class='ocrx_word' id='word_1_329' title='bbox 814 2988 819 2998; x_wconf 38' lang='grc' dir='ltr'>Ι</span> <span class='ocrx_word' id='word_1_330' title='bbox 832 2929 880 2977; x_wconf 87' lang='lat' dir='ltr'>and</span> <span class='ocrx_word' id='word_1_331' title='bbox 895 2945 917 2978; x_wconf 89' lang='lat' dir='ltr'>rs</span> <span class='ocrx_word' id='word_1_332' title='bbox 935 2931 961 2978; x_wconf 91' lang='lat' dir='ltr'>in</span> <span class='ocrx_word' id='word_1_333' title='bbox 976 2931 1045 2980; x_wconf 90' lang='lat' dir='ltr'>trutlr</span> 
     </span>
     <span class='ocr_line' id='line_1_39' title="bbox 124 2988 1043 3045; baseline 0.002 -7"><span class='ocrx_word' id='word_1_334' title='bbox 124 3005 191 3038; x_wconf 89' lang='lat' dir='ltr'>more</span> <span class='ocrx_word' id='word_1_335' title='bbox 202 2991 265 3038; x_wconf 89' lang='lat' dir='ltr'>suita</span> <span class='ocrx_word' id='word_1_336' title='bbox 283 2990 305 3038; x_wconf 90' lang='lat' dir='ltr'>le</span> <span class='ocrx_word' id='word_1_337' title='bbox 317 2991 353 3040; x_wconf 85' lang='lat' dir='ltr'>lor</span> <span class='ocrx_word' id='word_1_338' title='bbox 363 2991 439 3040; x_wconf 88' lang='lat' dir='ltr'>ladies</span> <span class='ocrx_word' id='word_1_339' title='bbox 450 2991 508 3038; x_wconf 87' lang='lat' dir='ltr'>than</span> <span class='ocrx_word' id='word_1_340' title='bbox 518 2989 555 3038; x_wconf 84' lang='lat' dir='ltr'>sor</span> <span class='ocrx_word' id='word_1_341' title='bbox 566 2989 607 3037; x_wconf 90' lang='lat' dir='ltr'>the</span> <span class='ocrx_word' id='word_1_342' title='bbox 615 2988 684 3036; x_wconf 84' lang='lat' dir='ltr'>other</span> <span class='ocrx_word' id='word_1_343' title='bbox 695 3004 747 3045; x_wconf 83' lang='lat' dir='ltr'>sex,</span> <span class='ocrx_word' id='word_1_344' title='bbox 757 2989 831 3038; x_wconf 87' lang='lat' dir='ltr'>albert</span> <span class='ocrx_word' id='word_1_345' title='bbox 842 3005 856 3037; x_wconf 90' lang='lat' dir='ltr'>a</span> <span class='ocrx_word' id='word_1_346' title='bbox 867 2989 996 3040; x_wconf 87' lang='lat' dir='ltr'>moderate</span> <span class='ocrx_word' id='word_1_347' title='bbox 1002 2991 1043 3040; x_wconf 88' lang='lat' dir='ltr'>de·</span> 
     </span>
     <span class='ocr_line' id='line_1_40' title="bbox 124 3047 779 3112; baseline -0.003 -14"><span class='ocrx_word' id='word_1_348' title='bbox 124 3065 180 3111; x_wconf 85' lang='lat' dir='ltr'>gree</span> <span class='ocrx_word' id='word_1_349' title='bbox 192 3049 220 3096; x_wconf 86' lang='lat' dir='ltr'>of</span> <span class='ocrx_word' id='word_1_350' title='bbox 231 3049 249 3096; x_wconf 93' lang='lat' dir='ltr'>it</span> <span class='ocrx_word' id='word_1_351' title='bbox 261 3050 281 3097; x_wconf 89' lang='lat' dir='ltr'>is</span> <span class='ocrx_word' id='word_1_352' title='bbox 292 3066 422 3112; x_wconf 86' lang='lat' dir='ltr'>necessary</span> <span class='ocrx_word' id='word_1_353' title='bbox 433 3061 458 3099; x_wconf 91' lang='lat' dir='ltr'>to</span> <span class='ocrx_word' id='word_1_354' title='bbox 468 3048 540 3099; x_wconf 87' lang='lat' dir='ltr'>make</span> <span class='ocrx_word' id='word_1_355' title='bbox 552 3065 566 3097; x_wconf 90' lang='lat' dir='ltr'>a</span> <span class='ocrx_word' id='word_1_356' title='bbox 577 3047 704 3096; x_wconf 81' lang='lat' dir='ltr'>well-brad</span> <span class='ocrx_word' id='word_1_357' title='bbox 716 3063 779 3097; x_wconf 86' lang='lat' dir='ltr'>man.</span> 
     </span>
    </p>
   </div>
   <div class='ocr_carea' id='block_1_9' title="bbox 124 3123 1045 3543">
    <p class='ocr_par' dir='ltr' id='par_1_10' title="bbox 124 3123 1045 3292">
     <span class='ocr_line' id='line_1_41' title="bbox 153 3123 1045 3182; baseline 0.004 -10"><span class='ocrx_word' id='word_1_358' title='bbox 153 3124 235 3172; x_wconf 79' lang='lat' dir='ltr'>⁴This</span> <span class='ocrx_word' id='word_1_359' title='bbox 247 3124 267 3172; x_wconf 91' lang='lat' dir='ltr'>is</span> <span class='ocrx_word' id='word_1_360' title='bbox 278 3133 319 3172; x_wconf 87' lang='lat' dir='ltr'>not</span> <span class='ocrx_word' id='word_1_361' title='bbox 331 3124 420 3176; x_wconf 81' lang='lat' dir='ltr'>Bactra</span> <span class='ocrx_word' id='word_1_362' title='bbox 429 3143 461 3175; x_wconf 90' lang='lat' dir='ltr'>on</span> <span class='ocrx_word' id='word_1_363' title='bbox 471 3125 521 3174; x_wconf 88' lang='lat' dir='ltr'>this</span> <span class='ocrx_word' id='word_1_364' title='bbox 531 3123 583 3173; x_wconf 89' lang='lat' dir='ltr'>side</span> <span class='ocrx_word' id='word_1_365' title='bbox 597 3123 638 3170; x_wconf 91' lang='lat' dir='ltr'>the</span> <span class='ocrx_word' id='word_1_366' title='bbox 652 3123 731 3182; x_wconf 87' lang='lat' dir='ltr'>Oxus,</span> <span class='ocrx_word' id='word_1_367' title='bbox 745 3125 788 3172; x_wconf 91' lang='lat' dir='ltr'>but</span> <span class='ocrx_word' id='word_1_368' title='bbox 804 3123 905 3173; x_wconf 88' lang='lat' dir='ltr'>another</span> <span class='ocrx_word' id='word_1_369' title='bbox 916 3125 1009 3176; x_wconf 87' lang='lat' dir='ltr'>Bactra</span> <span class='ocrx_word' id='word_1_370' title='bbox 1019 3127 1045 3176; x_wconf 89' lang='lat' dir='ltr'>in</span> 
     </span>
     <span class='ocr_line' id='line_1_42' title="bbox 125 3181 1041 3246; baseline 0.004 -14"><span class='ocrx_word' id='word_1_371' title='bbox 125 3185 254 3246; x_wconf 80' lang='lat' dir='ltr'>Sogdiana,</span> <span class='ocrx_word' id='word_1_372' title='bbox 267 3199 299 3231; x_wconf 94' lang='lat' dir='ltr'>on</span> <span class='ocrx_word' id='word_1_373' title='bbox 315 3184 358 3232; x_wconf 88' lang='lat' dir='ltr'>the</span> <span class='ocrx_word' id='word_1_374' title='bbox 373 3185 448 3233; x_wconf 90' lang='lat' dir='ltr'>lower</span> <span class='ocrx_word' id='word_1_375' title='bbox 462 3195 515 3246; x_wconf 86' lang='lat' dir='ltr'>part</span> <span class='ocrx_word' id='word_1_376' title='bbox 531 3181 559 3232; x_wconf 83' lang='lat' dir='ltr'>of</span> <span class='ocrx_word' id='word_1_377' title='bbox 570 3183 612 3231; x_wconf 86' lang='lat' dir='ltr'>the</span> <span class='ocrx_word' id='word_1_378' title='bbox 629 3182 801 3244; x_wconf 82' lang='lat' dir='ltr'>Polytimetos,</span> <span class='ocrx_word' id='word_1_379' title='bbox 815 3197 874 3232; x_wconf 87' lang='lat' dir='ltr'>near</span> <span class='ocrx_word' id='word_1_380' title='bbox 888 3184 932 3234; x_wconf 90' lang='lat' dir='ltr'>the</span> <span class='ocrx_word' id='word_1_381' title='bbox 949 3187 1041 3244; x_wconf 86' lang='lat' dir='ltr'>desert,</span> 
     </span>
     <span class='ocr_line' id='line_1_43' title="bbox 124 3242 651 3292; baseline -0.004 0"><span class='ocrx_word' id='word_1_382' title='bbox 124 3245 205 3292; x_wconf 84' lang='lat' dir='ltr'>where</span> <span class='ocrx_word' id='word_1_383' title='bbox 217 3243 258 3290; x_wconf 89' lang='lat' dir='ltr'>the</span> <span class='ocrx_word' id='word_1_384' title='bbox 270 3244 370 3291; x_wconf 90' lang='lat' dir='ltr'>modern</span> <span class='ocrx_word' id='word_1_385' title='bbox 382 3243 495 3292; x_wconf 75' lang='lat' dir='ltr'>Bolrhara</span> <span class='ocrx_word' id='word_1_386' title='bbox 506 3245 527 3292; x_wconf 89' lang='lat' dir='ltr'>is</span> <span class='ocrx_word' id='word_1_387' title='bbox 538 3242 651 3290; x_wconf 85' lang='lat' dir='ltr'>situated.</span> 
     </span>
    </p>

    <p class='ocr_par' dir='ltr' id='par_1_11' title="bbox 153 3306 890 3365">
     <span class='ocr_line' id='line_1_44' title="bbox 153 3306 890 3365; baseline 0.001 -9"><span class='ocrx_word' id='word_1_388' title='bbox 153 3309 199 3356; x_wconf 78' lang='lat' dir='ltr'>&#39;ln</span> <span class='ocrx_word' id='word_1_389' title='bbox 211 3308 253 3356; x_wconf 90' lang='lat' dir='ltr'>the</span> <span class='ocrx_word' id='word_1_390' title='bbox 265 3306 380 3356; x_wconf 88' lang='lat' dir='ltr'>direction</span> <span class='ocrx_word' id='word_1_391' title='bbox 390 3307 452 3356; x_wconf 85' lang='lat' dir='ltr'>from</span> <span class='ocrx_word' id='word_1_392' title='bbox 463 3317 525 3356; x_wconf 85' lang='lat' dir='ltr'>west</span> <span class='ocrx_word' id='word_1_393' title='bbox 536 3317 561 3355; x_wconf 94' lang='lat' dir='ltr'>to</span> <span class='ocrx_word' id='word_1_394' title='bbox 572 3316 632 3354; x_wconf 88' lang='lat' dir='ltr'>east.</span> <span class='ocrx_word' id='word_1_395' title='bbox 664 3307 711 3356; x_wconf 86' lang='lat' dir='ltr'>See</span> <span class='ocrx_word' id='word_1_396' title='bbox 722 3317 788 3365; x_wconf 88' lang='lat' dir='ltr'>nota,</span> <span class='ocrx_word' id='word_1_397' title='bbox 801 3308 842 3357; x_wconf 80' lang='lat' dir='ltr'>vii.</span> <span class='ocrx_word' id='word_1_398' title='bbox 851 3311 890 3357; x_wconf 79' lang='lat'>29.</span> 
     </span>
    </p>

    <p class='ocr_par' dir='ltr' id='par_1_12' title="bbox 124 3365 1042 3543">
     <span class='ocr_line' id='line_1_45' title="bbox 151 3365 658 3416; baseline 0 -2"><span class='ocrx_word' id='word_1_399' title='bbox 151 3371 160 3396; x_wconf 78' lang='lat'><em>⁰</em></span> <span class='ocrx_word' id='word_1_400' title='bbox 174 3369 207 3414; x_wconf 88' lang='lat' dir='ltr'>‘A</span> <span class='ocrx_word' id='word_1_401' title='bbox 219 3367 273 3414; x_wconf 76' lang='lat' dir='ltr'>sion</span> <span class='ocrx_word' id='word_1_402' title='bbox 284 3365 312 3414; x_wconf 92' lang='lat' dir='ltr'>ol</span> <span class='ocrx_word' id='word_1_403' title='bbox 319 3365 360 3412; x_wconf 88' lang='lat' dir='ltr'>the</span> <span class='ocrx_word' id='word_1_404' title='bbox 371 3368 545 3416; x_wconf 86' lang='lat' dir='ltr'>subterranean</span> <span class='ocrx_word' id='word_1_405' title='bbox 555 3366 658 3414; x_wconf 72' lang='lat' dir='ltr'>&#39;course’</span> 
     </span>
     <span class='ocr_line' id='line_1_46' title="bbox 124 3407 1042 3532; baseline 0.009 -60"><span class='ocrx_word' id='word_1_406' title='bbox 124 3481 140 3530; x_wconf 36' lang='lat' dir='ltr'>l,</span> <span class='ocrx_word' id='word_1_407' title='bbox 153 3427 161 3451; x_wconf 69' lang='lat'>¹</span> <span class='ocrx_word' id='word_1_408' title='bbox 174 3425 227 3532; x_wconf 54' lang='lat' dir='ltr'>{Bp</span> <span class='ocrx_word' id='word_1_409' title='bbox 239 3407 335 3488; x_wconf 74' lang='lat' dir='ltr'>l’espiug</span> <span class='ocrx_word' id='word_1_410' title='bbox 346 3425 393 3473; x_wconf 88' lang='lat' dir='ltr'>aud</span> <span class='ocrx_word' id='word_1_411' title='bbox 403 3426 484 3476; x_wconf 89' lang='lat' dir='ltr'>rather</span> <span class='ocrx_word' id='word_1_412' title='bbox 495 3437 591 3476; x_wconf 84' lang='lat' dir='ltr'>wauton</span> <span class='ocrx_word' id='word_1_413' title='bbox 602 3435 754 3476; x_wconf 78' lang='lat' dir='ltr'>moraments</span> <span class='ocrx_word' id='word_1_414' title='bbox 766 3426 794 3476; x_wconf 85' lang='lat' dir='ltr'>ol</span> <span class='ocrx_word' id='word_1_415' title='bbox 800 3427 842 3495; x_wconf 75' lang='lat' dir='ltr'>the</span> <span class='ocrx_word' id='word_1_416' title='bbox 853 3427 939 3490; x_wconf 88' lang='lat' dir='ltr'>body,&#39;</span> <span class='ocrx_word' id='word_1_417' title='bbox 952 3445 981 3479; x_wconf 91' lang='lat' dir='ltr'>as</span> <span class='ocrx_word' id='word_1_418' title='bbox 992 3431 1017 3480; x_wconf 90' lang='lat' dir='ltr'>iu</span> <span class='ocrx_word' id='word_1_419' title='bbox 1029 3446 1042 3480; x_wconf 89' lang='lat' dir='ltr'>s</span> 
     </span>
     <span class='ocr_line' id='line_1_47' title="bbox 134 3497 292 3543; baseline 0.025 -14"><span class='ocrx_word' id='word_1_420' title='bbox 134 3497 172 3529; x_wconf 84' lang='lat' dir='ltr'>tva</span> <span class='ocrx_word' id='word_1_421' title='bbox 183 3497 199 3543; x_wconf 89' lang='lat' dir='ltr'>y</span> <span class='ocrx_word' id='word_1_422' title='bbox 227 3501 292 3533; x_wconf 85' lang='lat' dir='ltr'>unce.</span> 
     </span>
    </p>
   </div>
   <div class='ocr_carea' id='block_1_10' title="bbox 0 0 1142 3844">
    <p class='ocr_par' dir='ltr' id='par_1_13' title="bbox 0 0 1142 3844">
     <span class='ocr_line' id='line_1_48' title="bbox 0 0 1142 3844; baseline 0 0"><span class='ocrx_word' id='word_1_423' title='bbox 0 0 1142 3844; x_wconf 95' lang='lat' dir='ltr'> </span> 
     </span>
    </p>
   </div>
  </div>
 </body>
</html>
