2294 3842
122 179 182 242 20⁰
387 193 427 234 oa
450 193 557 236 cassis
577 194 763 236 aaaxsnnai.

121 303 234 360 militiae
250 301 334 372 major
351 309 378 356 at
395 301 489 356 clarior
508 301 612 356 modico
630 301 765 372 civilique¹
777 301 859 372 cultu,
874 302 992 360 liberalis
1004 303 1033 358 iii

142 373 222 442 rimis,
230 372 358 442 adituque
371 369 451 452 facili,
464 341 529 425 nihil
541 389 575 426 eir
587 371 655 426 fastu
669 373 758 440 regiae
770 383 960 441 assumpserat.
991 371 1032 426 Ob

159 459 190 496 ec
209 441 265 510 regi
281 458 316 494 aii
334 440 503 510 popularibus
519 441 601 493 carior
618 449 697 510 esset,
716 440 830 494 dubitari
847 450 957 511 poterat,
973 451 1033 496 tum

123 520 194 566 certa
213 511 329 580 primum
349 520 474 579 expertus
493 525 600 563 suornm
619 510 820 580 animos,.adeo
839 520 868 562 nt
888 511 1031 580 fortunam,

124 582 150 634 iii
162 597 241 650 quam
255 587 348 650 postea
359 580 486 649 ascendit,
499 579 526 632 iii
544 579 588 632 illo
606 579 723 650 periculo
737 579 902 632 Macedones
919 581 1031 634 ominati

124 667 183 704 esse
196 648 341 702 videantur.
378 648 481 719 Quippe
498 665 549 701 nou
567 649 650 701 levior
667 649 719 702 illis
737 649 883 702 Ptolemaei
896 649 946 702 fuit
959 667 1031 718 cura,

123 735 204 790 quani
222 719 304 786 regis:
323 717 369 788 qui
382 727 409 770 et
420 717 517 788 proelio
530 728 556 770 et
569 718 743 771 sollicitudine
756 718 884 786 fatigatus
895 737 959 771 crim
972 719 1032 771 Pto·

124 789 227 843 lernaea
244 788 379 855 assideret,
392 788 490 840 lectum
509 786 534 839 iii
554 804 606 856 quo
625 789 681 856 ipse
699 788 890 858 acquiesceret,
903 788 980 857 jussit
995 790 1033 840 iii-

124 857 193 910 ferri.
230 857 259 910 lii
278 874 359 926 quem
378 866 407 909 ut
427 875 456 910 se
476 858 583 927 recepit,
602 857 718 928 protinus
735 855 811 908 altior
830 857 969 910 insecutus
991 868 1033 909 est

123 943 239 980 somniis.
275 927 387 996 Exque
406 927 543 994 excitatus,
562 942 609 995 pei
626 927 745 996 quietern
758 925 857 978 vidisse
875 945 904 978 se
923 929 1032 996 exponit

124 997 241 1066 speciem
253 995 374 1048 draconis
385 995 519 1063 oblatam*
530 993 640 1048 herbam
654 995 763 1048 ferentis
775 1012 827 1061 ore,
841 1013 920 1064 quam
931 997 1032 1048 veneni

125 1065 273 1119 remedium
291 1083 351 1118 esse
370 1074 553 1117 monstrasset:
573 1065 689 1117 colorem
704 1081 808 1134 quoque
822 1066 918 1117 herbae
932 1067 1032 1117 refere-

124 1135 177 1204 bat,
201 1136 360 1204 agniturum,
384 1135 407 1186 si
430 1133 490 1213 quis
513 1150 539 1185 ie
560 1135 677 1202 perisset,
701 1134 846 1186 affirmans.
889 1135 1031 1187 Inventam

123 1203 229 1274 deinde,
239 1205 336 1274 quippe
348 1221 364 1256 a
374 1203 463 1256 multis
471 1151 618 1256 simulemt
632 1205 764 1273 requisita,
775 1203 877 1255 vulneri
887 1205 1030 1273 imposuit:

123 1275 291 1343 protinusque
304 1272 391 1326 dolore
404 1272 484 1341 finito,
498 1273 564 1325 intra
576 1272 657 1326 breve
674 1274 788 1342 spatium
801 1273 910 1325 cicatrix
922 1290 1032 1342 quoqne

123 1341 237 1396 obducta
255 1352 304 1396 est.
340 1341 466 1394 Barbaros
483 1350 512 1394 ut
524 1342 608 1412 prima
627 1359 688 1412 spes
705 1341 843 1410 fefellerat,
858 1360 887 1394 se
904 1343 975 1410 ipsos
989 1345 1032 1396 ur'-

123 1411 238 1482 bemque
250 1409 415 1464 dediderunt.

157 1485 197 1534 at.
222 1481 289 1533 Hinc
325 1481 350 1532 in
387 1479 534 1547 proximam
565 1489 672 1548 gentem
703 1479 843 1533 Pataliam³
870 1488 1030 1548 perventum
1091 1545 1093 1549 Ι

123 1558 170 1602 est.
205 1549 263 1602 Reii
291 1558 346 1601 erat
375 1549 481 1615 Moeris,
506 1549 552 1620 qui
575 1549 640 1602 urbe
664 1549 770 1602 deserta
794 1549 818 1602 in
844 1559 948 1602 montes
971 1567 1030 1620 pro·

123 1617 233 1686 fugerat.
269 1618 360 1688 Itaque
380 1617 531 1672 Alexander
550 1619 647 1688 oppido
670 1619 774 1690 potitur,
795 1637 926 1688 agrosque
947 1637 1030 1690 popu·

123 1688 195 1740 latur.
233 1687 348 1756 Magnae
367 1687 427 1740 iride
446 1687 560 1758 praedae
577 1697 653 1740 actae
672 1697 732 1740 suut
750 1705 878 1758 pecorum
897 1699 1030 1741 armento·

123 1759 252 1826 rumque,⁴
281 1774 377 1826 magna
404 1757 445 1810 vis
474 1765 576 1826 reperta
605 1757 738 1812 frumeuti.
783 1757 902 1811 Ducibus
930 1759 1046 1811 deinde*

121 1826 235 1896 sumptis
257 1827 344 1880 amuis
366 1827 464 1897 peritis,
488 1825 599 1878 defluxit
628 1827 662 1880 ad
692 1825 806 1880 insulam
830 1827 1030 1892 inedioferme

120 1895 197 1950 alveo
220 1904 336 1950 enatam.
379 1895 419 1949 Ibi
440 1895 539 1948 diutius
562 1894 704 1949 subsistere
728 1907 843 1966 coactus,
862 1897 926 1966 quia
946 1898 1030 1952 duces

121 1964 255 2019 socordius
271 1965 398 2019 asservati
416 1964 590 2035 profugerant,
604 1965 677 2018 misit
689 1966 734 2034 qui
748 1967 934 2035 conquirerent
946 1967 1029 2020 alios:

120 2052 170 2088 nec
188 2036 304 2108 repertis,
319 2036 443 2105 pervicax
461 2033 556 2102 cupido
574 2034 676 2088 visendi
694 2035 839 2106 Oceanum,
858 2035 1030 2106 adeundique

119 2105 245 2158 terminos
264 2105 364 2173 mundi,
383 2102 442 2157 siue
461 2103 572 2172 regionis
592 2105 691 2173 peritis,
710 2103 815 2158 flumini
840 2105 929 2174 ignoto
948 2116 1029 2176 caput

119 2190 204 2253 suum,
234 2182 324 2244 totque
354 2173 555 2226 fortissimorum
580 2174 694 2228 virorum
725 2173 839 2227 salutem
873 2178 1028 2244 permittere

119 2241 246 2321 [cot'igrt1.⁶
279 2244 447 2312 Navigabant
476 2259 537 2310 ergo
566 2244 685 2296 omnium
714 2260 761 2312 per
784 2261 852 2314 quae
875 2245 1030 2298 ferebantur

117 2311 208 2381 igriaii.
244 2311 377 2370 Quantum
395 2311 457 2365 inde
474 2312 581 2366 abesset
601 2329 682 2382 mare,
701 2329 769 2382 quae
789 2323 883 2382 gentes
902 2315 1028 2384 colerent,

119 2397 200 2450 quam
223 2381 360 2451 placidum
377 2383 463 2434 amnis
481 2398 517 2451 os,
537 2399 619 2451 quarn
638 2385 742 2454 patiens
762 2382 898 2451 longarum
919 2385 1029 2438 navium

118 2458 196 2520 esset,
209 2467 309 2520 anceps
325 2459 353 2502 et
370 2467 452 2502 caeca
469 2452 620 2504 aestimatio
638 2451 834 2520 augurabatui.⁶
868 2452 960 2506 Unum
973 2463 1029 2506 erat

147 2569 155 2594 ¹
168 2563 339 2612 ‘citizen-lilio
350 2564 418 2612 dress
429 2563 476 2612 aud
486 2564 556 2612 other
566 2566 656 2625 private
668 2566 872 2626 arrangementsi'
890 2566 915 2613 iii
932 2567 1026 2626 opposi-

119 2623 169 2672 tioo
179 2632 204 2671 to
217 2623 355 2683 ‘punctu‘
370 2626 449 2685 regias
459 2639 485 2672 or
493 2627 573 2685 princi
603 2628 642 2681 lis,
653 2641 679 2673 as
691 2625 711 2672 is
723 2625 843 2673 indicated
856 2641 870 2672 a
882 2625 944 2674 little
956 2626 1025 2683 after,

119 2684 241 2744 bysantos
252 2685 336 2744 regiae,
352 2687 437 2789 ‘pomp
448 2683 476 2731 of
488 2683 530 2730 tlie
541 2699 570 2742 pa
580 2684 639 2731 ace!

146 2746 156 2772 ²
168 2741 273 2813 Oblatqm
281 2741 358 2812 might
384 2757 427 2790 ave
436 2743 497 2789 beeri
506 2743 620 2813 omitted:
631 2760 673 2804 per
683 2743 781 2802 quietem
789 2759 814 2790 ae
822 2745 912 2791 uidisse
920 2747 1023 2812 sperica,

119 2801 1022 2930 “tuttatltdltttttttttt‘tttttlllttilfttttfttlt,

119 2917 192 2967 fortiis
208 2929 231 2967 at
248 2928 280 2967 its
295 2919 388 2976 mouth,
407 2918 453 2968 and
469 2917 557 2975 which,
575 2933 601 2966 aa
617 2919 673 2966 well
688 2935 715 2966 as
731 2928 762 2966 its
778 2919 894 2979 principal
909 2929 986 2978 town,
1003 2937 1024 2970 rs

119 2976 195 3026 called
207 2979 238 3037 by
248 2978 320 3026 other
328 2978 421 3026 writers
433 2976 525 3025 Patala.

146 3037 302 3103 ‘Armentam
317 3037 337 3084 is
355 3041 384 3084 ‘a
400 3035 458 3084 herd
473 3035 501 3083 of
515 3035 587 3084 black
602 3035 674 3086 cattle
684 3036 700 3084 ι’
715 3053 798 3098 pecora
813 3053 871 3097 may
882 3037 977 3088 include
992 3038 1023 3087 at

118 3093 186 3142 other
197 3093 268 3141 liinds
279 3094 307 3142 of
313 3094 395 3150 cattle,
408 3096 450 3143 biit
467 3109 548 3144 seems
563 3094 620 3142 here
637 3105 662 3142 tc
677 3109 748 3144 mccii
761 3097 868 3156 ‘sheep’
902 3097 951 3144 We
968 3113 1021 3157 may

118 3151 235 3220 therefore
251 3153 365 3220 translate
381 3171 463 3215 pecora
474 3163 637 3223 armentoque,
653 3157 685 3214 by
701 3171 731 3202 an
747 3156 888 3214 expressiori
899 3156 979 3206 which
991 3157 1020 3204 its

118 3225 160 3260 use
172 3211 247 3264 ruthe
259 3211 296 3259 Eri
314 3211 359 3259 lish
371 3213 511 3264 translation
521 3212 549 3260 of
556 3213 597 3261 the
609 3212 678 3262 Bible
690 3213 733 3262 has
742 3215 812 3262 made
820 3231 880 3274 very
889 3215 990 3265 familiar
997 3225 1021 3263 to

118 3285 155 3326 us,
171 3269 261 3338 ‘flqcks
272 3227 319 3338 auh
328 3269 416 3340 hardel
449 3271 584 3340 lamentam
595 3273 615 3320 is
627 3272 718 3341 always
731 3277 759 3320 ‘a
770 3275 839 3321 beast
850 3273 1009 3343 ofnburtheuf

147 3327 227 3376 ‘This
236 3327 302 3375 word
313 3343 333 3375 is
344 3339 451 3396 wanting
461 3345 486 3376 iii
496 3329 536 3377 the
548 3341 722 3390 manuscripts;
740 3333 782 3382 but
794 3333 872 3382 elthei
883 3345 909 3390 it,
921 3351 948 3382 cr
956 3349 1020 3397 sorite

112 3387 1019 3556 ffiyqffitutitatis?trittltitttttisuain
