2274 3844
152 243 208 300 194
415 253 455 294 oa
478 253 585 293 essars
607 251 796 292 anrxsnuru.

147 366 195 438 qui
214 363 292 436 primi
311 362 428 432 agminis
450 371 532 430 erant,
553 369 658 414 mature
678 360 738 413 cibo
759 377 792 413 ac
815 361 930 430 potione
948 360 1058 430 firmator,

148 434 260 506 implere
278 432 346 488 alios
365 441 444 501 utres,
465 431 532 489 alios
552 448 625 500 vasa,
646 431 857 499 quibuscunque
883 447 958 500 aqua
980 432 1061 500 portari

198 511 246 571 set,
263 501 349 572 jussit,
368 517 401 554 ao
420 501 476 554 suis
494 517 572 579 opem
592 500 671 552 ierre.
707 499 758 552 Sed
778 502 827 569 qui
849 501 1061 569 intemperantius

187 579 302 641 osernnt,
322 569 463 625 intercluso
482 570 575 640 spiritu
594 569 705 622 extincti
726 580 804 622 sunt:
828 571 974 638 multoque
993 569 1061 638 major
1126 617 1128 650 ἰ

150 642 244 696 horum
265 657 393 694 numerus
412 639 469 709 fuir,
490 655 571 708 quam
593 639 646 692 ullo
669 639 796 691 amiserat
822 639 938 708 proelio.
977 644 1010 692 At
1028 639 1061 692 ille
1127 651 1128 694 1

150 712 296 765 thoraoem¹
308 709 396 763 adhuc
408 709 523 776 indutus,
537 719 645 761 necant
657 708 717 762 cibo
732 709 852 761 resectus
864 719 915 760 aut
928 720 1003 778 potu,
1014 709 1064 778 qna¹

150 781 275 834 veniebat
293 779 432 848 exercitus,
446 779 576 830 constitit:
599 795 649 831 nec
667 787 729 829 ante
747 777 781 829 ad
802 779 961 830 curandum
982 795 1063 847 corpus

151 851 268 920 recessit,
288 865 370 919 quarn
389 847 558 918 praeterierat
582 863 695 914 agmen:
719 856 859 916 totamque
882 865 949 900 earn
971 865 1064 900 nocreru

151 935 213 972 oum
232 935 329 987 magno
345 917 429 970 animi
447 926 520 970 motu
534 917 669 986 perpetuis
681 917 779 983 vigiliis
791 918 856 983 egit.
896 918 961 969 Nec
974 927 1066 986 postero

150 988 196 1042 die
215 988 307 1042 laetior
326 996 390 1055 erat,
410 986 473 1054 quia
496 1001 546 1038 nec
570 986 675 1052 navigia
696 986 823 1051 habebat,
848 1003 901 1037 nec
922 1003 994 1056 pons
1013 987 1067 1054 erigi

151 1067 262 1130 poterat,
275 1057 377 1110 circum
387 1072 496 1110 amnem
508 1055 579 1108 nudo
592 1055 654 1123 solo,
668 1065 696 1107 et
707 1056 832 1107 materia8
844 1057 972 1108 maxime
985 1056 1066 1108 sterili.

150 1127 296 1182 Consilium
309 1125 395 1194 igitur,
405 1124 475 1194 quod
485 1141 566 1177 unum
576 1125 725 1177 necessitas
733 1124 898 1194 subjecerat,
910 1125 972 1177 init.
999 1127 1069 1179 Utres

151 1213 233 1267 qnam
250 1197 380 1266 plurimos
398 1193 550 1248 stramentis
570 1194 679 1246 refertos
699 1193 803 1246 dividit.
841 1194 894 1245 His
916 1195 1070 1248 incubantes

153 1275 322 1320 transnavere
345 1279 469 1316 amnem:
495 1263 594 1334 quique
617 1263 695 1332 primi
721 1264 880 1316 transierant
906 1267 934 1316 in
961 1267 1069 1316 statione

153 1343 235 1404 erant,
248 1335 312 1388 darm
326 1331 476 1403 trajicerent
489 1335 579 1385 ceteri.
610 1333 667 1384 lion
680 1333 758 1385 modo
772 1342 848 1385 sexto
860 1335 979 1386 demum
991 1336 1035 1405 die
1046 1335 1068 1385 in

154 1403 277 1458 ulteriore
289 1404 344 1472 ripa
356 1412 439 1454 toturn
452 1403 599 1455 exercitum
613 1404 743 1470 exposuit.

189 1477 230 1524 ²2.
249 1474 362 1541 Jamque
380 1471 413 1522 ad
433 1471 646 1540 persequendum
660 1471 773 1524 Bessum
791 1481 924 1525 statuerat
941 1474 1068 1542 progredi,

154 1557 217 1594 curn
229 1558 269 1610 ea,
281 1557 351 1610 quae
364 1541 390 1592 in
403 1539 541 1606 Sogdianis
553 1543 647 1608 erant‚⁴
658 1541 801 1609 cognoscit.
835 1541 1070 1610 Spitameneserat
1127 1601 1128 1604 Ἴ

154 1613 222 1664 inter
240 1627 334 1662 omnes
351 1611 452 1661 amicos
470 1609 612 1679 praecipuo
631 1611 728 1662 honore
747 1612 835 1664 cultus
852 1627 870 1662 a
889 1610 984 1664 Besso.
1020 1612 1069 1665 Sed

154 1679 236 1734 nullis
247 1679 350 1732 meritis
362 1677 483 1748 perfidia⁵
498 1679 614 1747 mitigari
633 1691 734 1748 potest:
754 1697 823 1750 quae
837 1688 929 1733 tamen
944 1684 1033 1734 minus
1044 1683 1069 1734 in

154 1765 186 1803 eo
199 1748 285 1802 invisa
295 1764 356 1801 esse
368 1755 476 1818 poterat,
489 1750 553 1817 quia
565 1748 631 1801 nihil
644 1749 690 1802 ulli
705 1749 842 1802 nefastum
854 1750 882 1802 in
896 1750 1021 1820 Bessum,
1033 1753 1069 1804 in·

154 1818 323 1872 terfectorem
342 1817 411 1886 regis
430 1815 478 1886 sui,
492 1818 641 1870 videbatur.
677 1819 784 1872 Titulus
802 1819 915 1872 facinori
936 1822 1071 1890 speciosas

174 1887 360 1956 resistebatur,
371 1886 487 1940 vindicta
496 1887 588 1940 Darei:
603 1887 651 1940 sed
664 1887 804 1958 fortunam,
815 1905 867 1941 non
881 1889 973 1942 scelus
981 1891 1070 1944 oderat
1126 1929 1127 1932 ,

154 1905 237 2012 Bessi.
273 1959 397 2027 Namque
425 1965 453 2008 nt
477 1955 659 2010 Alexandrum
685 1957 787 2010 flumen
813 1959 903 2012 Oxum
931 1976 1070 2028 superasse

222 2027 285 2096 orit,
300 2025 494 2096 Dataphernem
507 2035 534 2079 et
546 2027 683 2095 Catenem,
699 2027 797 2094 quibus
814 2044 832 2079 a
849 2027 935 2081 Besso
955 2032 1070 2082 maxima

155 2097 223 2150 fies
245 2096 401 2165 habebatur,
422 2095 447 2147 in
472 2095 627 2148 societatem
651 2097 783 2164 cogitatae
807 2097 857 2149 rei⁸
876 2099 995 2151 asciscit.
1032 2097 1069 2151 illi

155 2165 301 2235 promptius
312 2165 431 2233 adeunt,⁷
445 2180 525 2232 qnam
544 2163 702 2231 rogabantur
710 2181 716 2232 3
735 2166 938 2236 assumptisque
951 2177 1010 2220 octo
1024 2167 1069 2220 sor·

155 2233 265 2286 tissimis
275 2233 424 2303 juvenibus,
435 2233 516 2286 talem
529 2233 620 2285 dolum
631 2234 778 2286 intendunt.
807 2235 979 2304 Spitamenes
987 2238 1068 2306 pergi·

155 2301 190 2354 ad
203 2301 323 2370 Bessum,
336 2310 364 2354 et
376 2303 484 2354 remotis
495 2301 607 2371 arbitris,
620 2305 781 2372 comperisse
800 2304 837 2356 ait
858 2322 896 2372 se,
911 2306 1033 2360 insidiari
1044 2315 1068 2360 et

156 2370 353 2439 Dataphernem
377 2379 404 2423 et
427 2371 564 2440 Carenem,
587 2380 617 2425 ut
639 2373 731 2425 vivum
755 2374 909 2426 Alexandro
937 2376 1069 2428 traderent
1125 2387 1126 2438 1

155 2439 301 2508 agitantes5
318 2455 335 2490 a
354 2450 440 2491 semet
458 2449 601 2509 occupatos
613 2457 672 2494 esse
685 2451 712 2494 et
726 2443 828 2494 vinctos
840 2445 936 2497 teneri.
974 2445 1070 2498 Bessus

155 2508 330 2578 tantomerito‚
343 2515 373 2560 ut
385 2507 518 2579 credebat,
528 2509 666 2580 obligatus,
677 2512 773 2581 partim
785 2513 883 2580 gratias
895 2514 960 2583 agit,
975 2515 1069 2584 partim
1123 2538 1125 2582 3

185 2668 193 2691 ¹
204 2661 242 2709 As
252 2670 278 2709 tc
288 2659 337 2708 this
348 2659 574 2728 constructionem
588 2660 667 2710 Grnm.
680 2661 756 2719 i2o9,
771 2665 791 2710 l.
1123 2641 1125 2712 1

184 2725 195 2752 ²
206 2727 212 2749 ⁸
222 2721 263 2769 On
273 2720 314 2768 the
326 2719 391 2776 rond,
404 2719 476 2779 along
487 2719 583 2766 which!
1123 2721 1125 2770 t

186 2780 287 2840 '‘Very
298 2779 414 2828 destitute
430 2777 457 2826 oi
469 2778 580 2826 timberr'
599 2778 640 2827 tho
655 2780 761 2840 genitive
777 2779 856 2840 might
867 2780 921 2832 also
932 2782 996 2832 hare
1007 2784 1066 2832 been
1124 2778 1125 2833 1

157 2841 224 2890 used.
256 2838 395 2888 Alexander
413 2853 513 2944 apssears
533 2846 558 2885 tn
574 2837 635 2885 have
654 2839 769 2897 prepared
789 2839 829 2887 the
848 2841 910 2909 begs
929 2841 1067 2890 mentioned

156 2901 242 2956 above,
254 2899 336 2949 before
347 2898 377 2947 he
389 2897 432 2946 leit
465 2906 539 2952 aetra,
552 2912 579 2943 as
590 2912 604 2944 a
615 2896 660 2944 last
672 2908 748 2945 resort
762 2897 798 2945 for
813 2914 926 2962 crossrng
942 2901 985 2949 the
998 2901 1065 2950 river.

156 2957 219 3066 illim
230 2958 301 3006 mode
312 2957 340 3026 qt
351 2957 459 3017 crossing
478 2956 552 3004 rivers
571 2955 592 3004 is
609 2955 661 3003 said
676 2965 701 3002 to
717 2958 747 3004 be
763 2957 830 3016 quite
846 2973 963 3008 common
979 2959 1066 3008 stillio
1122 2951 1124 3030 1

183 3026 365 3068 oaeccuntnes.

185 3075 276 3123 “The
292 3083 354 3123 state
369 3073 398 3123 of
409 3073 489 3122 affairs
506 3073 530 3122 in
549 3072 687 3134 Sogdiana‚’
707 3072 748 3121 the
764 3075 877 3134 province
894 3076 920 3124 in
937 3077 1020 3125 which
1037 3077 1065 3126 he
1122 3031 1124 3140 1

155 3150 421 3262 ”vffimoehefoug
430 3190 607 3252 dispositioncs
615 3190 767 3260 Spitamenes
776 3193 847 3242 could
858 3204 900 3243 not
911 3195 944 3244 be
955 3195 1064 3265 sostened
1121 3159 1123 3226 1

156 3254 229 3304 down
241 3253 276 3312 by
287 3265 333 3311 any
344 3251 488 3299 krudnesses
507 3250 592 3300 shown
611 3260 636 3299 to
651 3250 701 3298 hrm
716 3252 750 3311 by
765 3251 871 3301 Bessus:
888 3257 991 3313 medin,
1010 3253 1065 3304 kind

152 3313 248 3364 ,actions
258 3313 290 3372 by
302 3309 381 3358 which
393 3310 486 3358 Bessus
496 3309 544 3358 had
557 3310 680 3357 ‘merited'
694 3309 732 3358 his
743 3311 862 3360 affection.

184 3379 193 3402 ⁸
206 3371 260 3419 ‘To
271 3369 340 3418 shore
351 3369 375 3417 in
387 3369 424 3417 his
435 3369 537 3429 design’
569 3369 616 3416 Rei
625 3371 739 3431 cogitatae
752 3370 773 3417 is
784 3370 844 3418 used
854 3371 878 3418 in
889 3370 1030 3429 preference
1040 3383 1064 3420 to

153 3431 196 3476 she
209 3429 312 3488 genitive
325 3438 408 3474 neuter
417 3429 522 3486 cogitati,
536 3428 639 3474 because
651 3428 692 3474 the
704 3427 775 3475 latter
784 3429 805 3475 is
816 3429 969 3489 ambiguous.

186 3486 347 3544 'Equir'nlont
361 3497 384 3532 to
395 3487 514 3541 accedant,
530 3485 623 3544 ‘agree'
636 3494 661 3532 to
669 3485 707 3533 hia
717 3486 872 3545 proposition.
