2322 3850
544 257 636 300 crasa
668 261 712 302 ru.
1023 249 1059 304 at

185 370 210 419 8.
230 365 326 419 Cultus
339 367 409 434 regis
424 367 493 420 inter
504 367 594 420 omnia
611 367 713 421 luxuria
730 371 874 424 notabatur.
910 371 1062 442 Purpureae

150 436 258 488 tunicae
283 434 404 488 medium
427 435 517 489 album
543 437 672 490 intextum
696 441 779 492 erat:¹
802 440 900 509 pollam
920 459 985 494 auro
1009 443 1061 494 dis·

150 505 263 558 tinctam
282 505 356 556 aurei
373 505 521 575 accipitres,
540 505 613 558 velut
632 508 719 559 rostris
736 509 803 562 inter
821 527 849 561 ae
867 522 1059 578 concurrerent,

148 573 331 626 adornabant:
361 585 388 626 et
415 591 482 627 zona
505 591 586 627 aurea
610 575 774 630 muliebriter
796 579 900 631 cinctus
922 582 1062 634 acinacem

149 643 346 712 suspenderat,⁸
362 643 405 696 oui
424 659 459 697 ex
476 646 595 712 gemma⁸
612 645 709 712 vagina
727 655 791 698 erat.
832 647 945 702 Cidarim
964 649 1061 702 Persae

149 713 282 766 vocabant
303 715 403 780 regium
424 713 521 783 capitis
540 714 658 782 insigne:
683 715 733 767 hoo
752 716 874 770 caerulea
898 717 981 770 fascia
1000 719 1061 772 albo

149 782 276 835 distincta
306 782 471 836 circumibat.
519 783 630 836 Currum
665 783 760 838 decem
794 785 867 837 milia
898 787 1061 840 hastatorum

148 851 347 920 sequebantur:
369 852 460 904 hastas
470 861 579 920 argento
590 863 737 920 exornatas,
751 854 852 922 spicula
863 873 926 908 auro
944 858 1061 925 praefixa

147 921 298 990 gestabant.
335 921 433 974 Dextra
457 921 586 990 laevaque
611 939 701 990 regem
724 923 833 976 ducenti
852 924 937 977 ferme
957 927 1061 980 nobilis·

149 991 211 1042 simi
235 990 441 1059 propinquorum
463 991 666 1044 comitabantur.
712 993 813 1046 Horum
836 1010 932 1062 agmen
955 995 1060 1048 claude·

150 1060 227 1112 batur
239 1061 345 1128 triginta
364 1061 472 1113 milibus
484 1059 612 1128 peditum,
626 1077 693 1130 quos
709 1063 772 1131 equi
790 1063 861 1130 regis
877 1063 1060 1132 quadringenti

148 1130 338 1198 sequebantur.
386 1129 526 1182 Intervallo
544 1130 641 1182 deinde
659 1131 737 1184 unius
755 1131 833 1183 stadii
852 1142 964 1184 matrem
983 1135 1061 1188 Darei

147 1198 327 1268 Sisygambim
339 1216 431 1252 curms
446 1199 568 1268 vehebat,
583 1209 609 1252 et
627 1201 652 1252 in
671 1200 723 1253 alio
736 1209 791 1253 erat
803 1201 938 1270 conjunx!
972 1203 1061 1256 Turba

149 1267 311 1320 feminarum
338 1270 443 1336 reginas
465 1269 646 1324 comitantium
670 1271 747 1339 equis
769 1271 931 1340 vectabatur.
979 1273 1060 1330 Quiu-

146 1337 238 1390 decim
257 1337 363 1405 deiude,
385 1353 452 1407 quas
471 1355 639 1390 armamaxas
659 1339 847 1409 appellebant,⁶
871 1343 1058 1409 sequebantur.

148 1407 177 1458 ln
191 1407 233 1458 his
246 1416 320 1458 erant
332 1407 410 1460 liberi
429 1407 505 1476 regis,
518 1416 545 1458 et
563 1409 608 1475 qui
627 1409 775 1462 educabant
793 1426 846 1478 eos,
860 1411 1060 1480 spadonumque

146 1491 220 1546 grex,
243 1476 314 1530 haud
337 1493 402 1528 sane
422 1476 474 1528 illis
492 1477 617 1544 gentibus
636 1478 704 1530 vilis.
741 1479 809 1532 Turn
834 1479 925 1582 regiae
948 1480 1059 1548 pellices

146 1555 283 1598 trecentae
302 1547 440 1613 sexaginta
458 1546 628 1614 vehebantur,
648 1559 675 1600 et
693 1549 767 1616 ipsae
785 1549 866 1617 regali
895 1549 966 1602 cultu
986 1566 1058 1602 orna·

147 1622 239 1684 toque.
278 1615 339 1667 Post
357 1631 423 1684 quas
441 1618 582 1684 pecuniam
596 1617 665 1685 regis
683 1620 800 1670 sexcenti
822 1619 886 1670 muli
905 1629 930 1671 et
949 1621 1059 1671 trecenti

145 1685 245 1737 carneli
264 1684 406 1753 vehebant,
420 1685 550 1753 praesidio
568 1686 760 1754 sagittariorum
778 1699 962 1756 prosequente.
1000 1689 1059 1742 Pro·

165 1755 306 1823 inquorum
331 1754 531 1822 amicorumque
559 1755 686 1823 conjuges
709 1755 770 1807 hnic
792 1759 892 1824 agmini
916 1758 1057 1828 proximae,

146 1771 314 1892 iixarumque
338 1834 364 1875 et
387 1823 520 1875 calonum⁷
542 1841 638 1892 greges
662 1824 832 1878 vehebantur.
869 1827 960 1880 Ultimi
985 1837 1058 1879 erant
1111 1889 1113 1892 Ι

146 1906 208 1945 eum
223 1893 280 1945 suis
291 1894 391 1962 quique
402 1893 586 1960 ducibus,⁹qui
598 1903 723 1961 cogerent
735 1911 840 1962 agnem,
850 1895 943 1948 leviter
954 1897 1056 1948 armati.

146 1963 243 2015 Contra
264 1963 285 2015 si
307 1967 367 2031 quis
386 1963 473 2015 aciem
495 1961 676 2015 Macedonum
697 1962 848 2031 intueretur,
869 1963 958 2033 dispar
977 1963 1060 2018 iacies

146 2042 211 2101 erat,
225 2033 303 2101 equis
314 2033 429 2102 virisque
442 2047 491 2084 non
505 2047 575 2100 auro,
588 2049 640 2084 non
652 2031 772 2083 discolori
785 2041 867 2100 veste,
882 2033 927 2084 sed
941 2033 1008 2086 serre
1019 2048 1057 2087 at·

145 2117 199 2170 que
211 2117 274 2153 aare
286 2101 458 2170 fulgentibus.
495 2105 599 2168 Agmen
613 2112 639 2153 st
652 2111 721 2154 stare
733 2110 854 2171 peratum
871 2112 898 2154 et
911 2104 994 2172 sequi,
1008 2121 1057 2156 uec

145 2171 223 2224 turba
236 2187 286 2223 nec
300 2171 411 2223 sarcinis
422 2187 574 2240 praegrave,
589 2171 717 2223 intentum
737 2171 771 2226 ad
789 2171 867 2224 ducis
882 2189 932 2224 non
952 2172 1056 2240 signum

144 2241 233 2307 modo,
248 2240 392 2294 sedetiam
409 2249 513 2292 nutum.
550 2239 584 2292 Et
601 2241 696 2292 castris
713 2241 794 2310 locus,
808 2250 834 2294 et
847 2242 973 2294 exercitui
986 2259 1056 2295 corn·

1 2315 2 2318 ’
59 2329 62 2334 ·
144 2318 252 2363 meatus
261 2310 446 2378 suppetebant.
475 2305 542 2376 Ergo
551 2309 701 2362 Alexandro
710 2311 735 2363 in
744 2310 945 2364 aoiemilesuon
954 2312 1056 2364 deluitz

144 2380 256 2448 Dareus,
270 2387 357 2432 tantae
368 2378 544 2432 multitudinis
554 2396 606 2446 rex,
617 2379 710 2448 10φὶρη
722 2397 774 2448 quo
786 2382 920 2449 pugnavit,
930 2383 1056 2449 angustiis

144 2449 269 2502 redactus
281 2457 321 2501 est
333 2448 366 2500 ad
380 2448 550 2518 paucitatem,
563 2464 644 2517 quarn
657 2449 683 2500 in
696 2449 771 2502 hoste
783 2455 986 2518 contempserat.

180 2523 205 2570 9.
226 2519 331 2571 Interea
343 2517 502 2586 Alexander,
516 2517 690 2570 Abietamene
703 2519 886 2588 Cappadociae
899 2521 1053 2589 praeposito,

143 2671 226 2718 which
234 2687 275 2718 are
284 2671 325 2718 the
333 2670 439 2720 leothers
448 2672 501 2719 that
510 2671 583 2719 abird
592 2671 635 2720 has
643 2671 680 2720 for
687 2672 798 2720 warmth.
826 2671 972 2720 Sometimes
977 2676 1054 2732 pinno

143 2730 630 2849 mia‘niliiewtririictiaevniisitoibrirtiibilivith
640 2789 713 2838 white
724 2789 811 2849 stripos
822 2789 848 2836 in
857 2789 898 2836 the
910 2787 1014 2856 middle)

172 2849 226 2918 'Su
245 2847 287 2908 ply
298 2865 324 2916 .⁰²
333 2866 366 2916 ¹au
382 2865 449 2905 zona,
462 2865 489 2896 or
504 2859 584 2908 repent
601 2850 717 2918 mlentally
728 2851 769 2930 the
784 2863 852 2896 same
868 2845 987 2894 ablativa:
1007 2847 1053 2894 'he

141 2908 643 3015 cairi'ereoairiribmsiibiuissebiniiribiririnoiibs
651 2909 752 3014 agibiheer
762 2979 801 3012 ma
829 2965 859 3010 he
870 2963 921 3012 said
932 2973 957 3012 to
968 2963 1029 3014 form
1040 2982 1054 3014 a

141 3025 221 3086 single
233 3041 307 3097 mass.
340 3025 395 3073 The
406 3027 513 3097 singular
523 3041 651 3084 expresses
661 3026 702 3072 the
711 3038 774 3134 gene
821 3024 959 3072 substance.

171 3085 313 3146 ‘Corcyraea
326 3100 381 3144 gen.
392 3102 508 3146 conjuges.
541 3086 587 3132 See
600 3085 697 3150 Zumpt,
736 3085 773 3150 60.Ι
958 3123 962 3135 ,
992 3142 996 3151 Ι

170 3139 1052 3262 1luttrrttlrtttsttultultltltltlttttttrt

141 3217 555 3366 kiqggriialieroltinglyiishion.
641 3235 647 3258 r
755 3235 785 3329 Ἀ
896 3317 900 3326 Ι
944 3315 956 3363 f
1005 3316 1049 3366 d·

140 3319 552 3440 ,mttttttlttttttlttlt
561 3317 1050 3438 ttlltttrtfttrtnttttntttr

140 3437 247 3546 cavaqu,
260 3438 342 3486 attend
352 3448 379 3486 to
389 3439 431 3507 the
442 3441 557 3506 bsggage.

170 3501 179 3526 ⁸
192 3501 199 3523 ⁴
234 3511 292 3557 very
303 3497 366 3546 hand
378 3497 437 3545 with
449 3507 479 3544 rto
491 3510 545 3542 own
557 3494 666 3542 leaders)
