2278 3846
459 219 611 260 arasarr.
930 203 986 261 1⁶8

67 331 149 384 Haec
160 329 288 400 cupidine
297 327 401 382 visendi
413 328 482 396 regis
493 340 605 380 accensa
617 329 713 382 finibus
725 330 798 398 regni
811 329 851 383 sui
863 329 985 400 excessit,

67 410 97 452 et
118 416 184 452 cunr
207 399 279 452 haud
302 397 394 468 procul
417 397 531 466 abesset,
550 399 685 467 praemisit
708 400 863 470 indicantes,
883 400 987 456 venisse

68 470 196 538 reginam
227 467 346 520 adeundi
371 467 430 536 ejus
455 468 685 537 cognoscendique
714 469 829 522 avidam.
866 469 988 522 Protinus

68 538 147 592 iacta
168 547 300 607 potestate
318 537 450 606 veniendi,
470 536 567 590 ceteris
589 537 669 607 jussis
692 538 844 606 subsistere,
862 539 988 594 trecentis

70 607 249 660 feminarum¹
270 606 395 658 comitata
415 607 551 674 processit.
587 610 676 676 Atque
700 618 729 660 ut
752 609 868 677 primum
890 625 936 662 rex
959 608 987 660 in

70 687 219 747 conspectu
238 676 295 744 luit,
310 692 377 744 equo
395 675 453 744 ipsa
470 675 578 728 desiluit
593 676 660 730 duas
675 677 782 730 lanceas
794 677 903 730 dextera
915 694 987 746 prae·

71 745 173 799 ferens.
211 747 301 798 Vestis
314 763 365 798 non
378 746 440 796 toto2
452 748 618 798 Amazonum
636 748 736 816 corpori
753 746 906 800 obducitur:
926 763 987 800 nam

72 815 155 868 laeva
173 833 234 886 pars
252 816 286 868 ad
304 823 399 884 pectus
410 823 451 867 est
463 815 541 884 nuda,
555 823 644 868 cetera
656 815 753 870 deinde
765 815 893 868 velantur.
930 817 988 870 Neo

73 893 167 938 tamen
181 886 256 937 sinus
267 883 357 950 vestis,
371 884 532 953 quemnodo
544 884 679 956 colligunt,
693 885 759 938 infre
774 903 861 953 genua
878 885 987 938 descen·

73 954 124 1007 dit.
162 955 254 1006 Altera
278 953 376 1024 papilla
399 955 498 1006 intacta
520 967 645 1022 servatur,
671 973 724 1024 qua
747 954 885 1008 muliebris
908 971 990 1008 sexus

74 1023 175 1077 liberos
195 1023 274 1092 alant,
294 1023 422 1076 aduritur³
438 1025 555 1093 dextera,
575 1033 604 1076 ut
621 1041 699 1077 arcus
717 1025 822 1077 facilius
841 1024 987 1094 intendant,

75 1103 105 1146 et
116 1093 172 1146 tela
184 1094 297 1146 vibrent.
334 1093 451 1145 Interrito
466 1094 540 1146 vultu
559 1111 647 1162 regern
667 1093 812 1147 Thalestris
830 1093 987 1162 intuebatur,

75 1162 200 1216 habitum
214 1163 272 1232 ejus
286 1161 491 1231 haudquaquam
510 1178 596 1216 rerum
616 1163 704 1217 laniae
721 1181 813 1234 parem
831 1161 914 1216 oculis
932 1179 989 1232 per·

75 1232 201 1286 lustrans.
238 1232 343 1301 Quippe
362 1231 486 1284 omnibus
505 1232 623 1286 barbaris
642 1234 668 1288 in
689 1250 826 1303 corporum
848 1232 989 1302 majestate

76 1302 215 1354 veneratio
231 1303 291 1370 est,⁴
305 1317 514 1372 magnorumque
532 1319 641 1372 operum
659 1320 710 1356 non
728 1304 793 1356 alios
811 1319 925 1372 capaces
942 1319 989 1371 pus

75 1379 143 1440 tant,
164 1389 244 1440 quam
265 1387 331 1440 quos
351 1371 450 1424 eximia
469 1372 560 1440 specie
580 1372 679 1424 donare
700 1383 791 1426 natura
812 1373 918 1441 dignata
937 1379 987 1424 est.

77 1441 205 1494 Ceterum
222 1441 387 1508 interrogata,
407 1458 471 1494 num
490 1441 599 1510 aliquid⁵
617 1452 707 1512 petere
722 1443 810 1515 vellet,
824 1441 894 1496 haud
913 1440 989 1494 ‹lubi-

77 1511 144 1562 tarit
158 1509 243 1578 fateri,
256 1509 290 1562 ad
303 1511 537 1563 communicandos
554 1528 616 1564 cum
635 1529 696 1580 rege
715 1513 853 1566 liberasse
866 1511 987 1564 venisse:

78 1579 196 1647 dignam,
221 1597 256 1632 ex
278 1597 332 1649 qua
358 1580 414 1648 ipse
441 1580 513 1650 regni
538 1591 676 1648 generaret
699 1581 821 1635 heredes.
857 1580 988 1634 Feminini

78 1665 161 1702 sexus
178 1666 207 1700 se
225 1657 395 1718 retenturam,
415 1667 517 1702 marem
535 1650 696 1704 reddituram
716 1653 791 1720 patri.
827 1650 988 1719 Alexander,

78 1735 111 1770 an
131 1735 193 1771 curn
212 1718 268 1788 ipso
286 1719 401 1772 militare
414 1719 502 1787 vellet,
515 1720 671 1788 interrogat:
691 1733 718 1772 et
735 1721 787 1789 illa,
804 1730 912 1774 causata
931 1719 990 1772 sine

78 1788 190 1840 euuode
204 1805 314 1856 regnum
327 1788 472 1859 reliquisse,
487 1798 578 1868 petera
593 1790 787 1860 perseverabat,
801 1807 834 1843 ne
846 1808 875 1842 se
888 1790 988 1842 irritam

79 1857 147 1926 spei⁸
165 1857 240 1910 abire
260 1867 399 1928 pateretur.
435 1862 525 1912 Acrior
542 1859 576 1912 ad
597 1861 728 1912 Venerem
748 1859 864 1914 feminae
884 1860 988 1928 cupido,

10 1979 11 1990 2
76 1944 163 1996 quam
182 1928 257 1996 regis,
277 1935 306 1980 ut
323 1944 421 1996 paucos
438 1929 497 1980 dies
514 1927 677 1998 subsisteret,
694 1929 816 1997 perpulit.
852 1929 912 1980 Xlll
930 1928 990 1980 dies

79 1998 106 2050 in
118 1997 293 2066 obsequium⁷
309 1997 434 2050 desiderii
452 1997 511 2067 ejus
527 1997 661 2068 absumpti
679 2007 748 2051 sunt.
784 1997 854 2050 Tum
872 1997 917 2050 ille
933 2013 989 2066 reg·

79 2083 143 2120 num
157 2083 244 2136 suum,
259 2083 304 2119 rex
316 2065 474 2120 Parthienen
486 2069 643 2136 petiverunt.

115 2139 158 2188 20.
179 2135 229 2192 Hic
241 2151 303 2188 vero
321 2135 409 2206 palam
427 2136 592 2206 cupididates
610 2153 673 2190 suas
690 2137 774 2205 solvit,
788 2135 988 2190 continentiam·

79 2221 133 2274 qne
148 2214 175 2258 et
191 2205 407 2275 moderationem,
422 2206 449 2259 in
461 2205 591 2262 altissima
603 2223 709 2278 quaque
722 2207 835 2260 fortuna⁸
847 2205 989 2258 eminentia

80 2275 157 2344 bona,
172 2275 198 2327 in
211 2275 363 2345 superbiam
381 2292 413 2328 ac
430 2275 568 2328 lasciviam
581 2278 666 2329 vertit.
703 2277 803 2330 Patrios
814 2293 900 2328 mores
912 2274 990 2328 disci·

81 2344 237 2414 plicamque
254 2345 434 2398 Macedonum
448 2361 540 2414 regum
551 2343 690 2398 salubriter
701 2355 876 2416 temperatam
888 2355 914 2397 et
927 2345 989 2398 ciri·

82 2415 135 2468 lem
159 2413 292 2468 habitum⁹
311 2414 384 2468 velut
403 2414 501 2468 leviora
520 2415 701 2484 magnitudine
725 2433 772 2470 sua
795 2416 904 2486 ducens,
928 2416 988 2469 Per-

81 2535 108 2583 οἷ
114 2551 188 2595 many
201 2534 283 2582 Greek
293 2534 435 2592 historicum
448 2534 555 2582 whereas
567 2535 608 2582 the
620 2535 697 2584 whole
708 2546 775 2596 story
786 2551 837 2583 was
849 2533 989 2582 considered

80 2597 117 2682 by¹
124 2594 169 2701 sqq
177 2605 241 2641 most
250 2593 409 2662 truetuurthy
420 2594 576 2701 bdipgrapherul
585 2594 612 2641 ol'
623 2594 763 2642 Alexander
773 2593 942 2700 'aslsabuqush

81 2664 308 2761 reinhalda
322 2664 600 2764 'attestatur
615 2654 817 2714 augasma,
830 2665 885 2700 ω’
943 2665 987 2699 ⁸⁹⁰

108 2771 177 2820 ²For
188 2775 231 2820 toti
239 2789 249 2828 ;
267 2787 327 2819 rare.
359 2771 405 2818 See
419 2771 497 2819 Grnm.
510 2772 570 2829 W,
583 2782 638 2822 note
649 2776 671 2827 3,
685 2771 840 2828 induumpu
854 2769 867 2820 b
878 2773 927 2816 140.

109 2831 150 2878 ³1t
168 2830 188 2878 is
205 2831 305 2886 burned,
322 2831 347 2878 in
362 2831 431 2878 order
446 2841 471 2878 to
487 2831 564 2879 check
579 2833 620 2880 the
636 2830 722 2880 female
739 2829 849 2887 leelings,
868 2826 914 2874 and
931 2825 988 2875 thus

81 2891 166 2938 render
177 2889 217 2937 the
230 2891 353 2937 Amazona
365 2900 457 2937 sterner
467 2891 584 2939 warriors.

110 2949 275 3008 ⁴Equivalent
286 2959 311 2996 to
322 2951 413 2996 barbari
422 2953 522 3011 camuris
533 2952 676 3011 nrojestatem
686 2954 836 2995 uenerantur.

111 3016 118 3040 ⁵
128 3007 231 3069 Usually
241 3025 298 3056 num
308 3011 371 3068 quid.
403 3009 449 3056 See
461 3010 540 3057 Grata.
552 3010 565 3060 b
576 3013 626 3064 122,
638 3012 660 3063 5,
674 3017 737 3054 note.

108 3073 117 3097 ¹
130 3067 257 3115 ‘Without
267 3068 307 3115 the
316 3067 442 3115 lullilrnent
452 3067 479 3114 os
484 3067 526 3116 her
535 3068 566 3115 bo
583 3068 613 3114 e.'
632 3067 679 3114 See
690 3065 770 3112 Gran.
780 3063 793 3116 h
802 3069 855 3121 277,
866 3069 888 3120 2,
899 3073 955 3113 note
966 3067 986 3112 1.

109 3125 255 3174 '‘Devoted
269 3137 296 3197 to
310 3126 527 3198 the'gratification
542 3143 556 3174 o
581 3125 625 3174 her
638 3125 735 3174 desire.’
767 3124 912 3184 Equivalent
925 3131 987 3172 tout

82 3187 241 3292 dlehltedredllr
249 3202 308 3300 ,Ἥ
313 3189 497 3304 {hddehighest
508 3243 569 3292 rank
576 3245 593 3301 ;’
610 3243 662 3292 that
673 3243 703 3300 is,
716 3242 757 3292 the
768 3244 854 3306 higher
863 3243 904 3292 the
915 3241 985 3298 rank,

83 3303 208 3358 themora,
251 3319 271 3351 o.
304 3303 350 3351 See
382 3303 546 3362 umpt,t71o.

10 3367 11 3372 ’
110 3367 119 3391 ·
131 3363 211 3410 ‘Civil
221 3362 341 3410 conduct.'
373 3364 397 3411 A
408 3365 499 3410 halitus
509 3364 586 3412 ciuilis
597 3362 617 3412 is
629 3361 670 3411 tbe
680 3361 812 3413 bebaviour
822 3363 850 3412 os
856 3378 871 3410 a
880 3363 938 3410 oium
949 3369 986 3410 to·

10 3439 12 3462 r
84 3422 159 3470 warde
173 3423 244 3480 cium,
262 3438 289 3470 es
304 3421 480 3484 distinguished
495 3421 556 3471 from
572 3421 624 3472 that
639 3421 667 3472 ol
679 3438 693 3471 a
707 3425 815 3474 domium
830 3432 856 3470 to
870 3422 987 3486 nomba

85 3481 186 3536 talares).
