2294 3842
142 195 201 252 310
410 213 449 252 us
473 211 581 254 erens
603 213 787 255 aaaxaunru.

141 321 204 384 quod
215 337 258 386 pro
273 321 332 370 hero
348 337 393 371 suo
409 327 587 386 antecaperant,
599 323 750 386 Hephaestio
766 321 927 386 proturbavit,
936 327 962 370 ut
979 319 1056 388 Eujras

142 387 234 436 tibicen
249 403 278 436 eo
296 387 451 452 reciperetur.
485 387 570 451 Neque
588 389 664 438 multo
682 395 743 452 post,
755 404 811 436 cum
829 389 884 452 jam
904 387 986 448 sopita
1001 385 1057 436 odis

142 453 287 514 viderentur,
297 467 360 502 nora
372 459 454 501 exorta
467 455 620 502 contentione
632 456 693 504 adeo
702 455 886 512 recruduerant,
897 458 926 501 ut
942 453 1019 502 etiam
1030 452 1057 500 in

143 523 212 568 alm
230 519 342 584 jurgium
364 529 390 568 et
412 521 504 568 acerba
524 519 635 582 utrinque
654 520 763 568 convicia
782 526 977 581 prorumperent.
1009 517 1058 568 Sed

142 585 277 633 Alexandri
300 585 439 633 interventu
461 585 609 648 imperioque
631 585 777 634 inimicitiae
796 584 884 632 saltem
904 585 932 632 in
949 583 1058 646 speciem

143 649 245 698 abolitae
256 657 326 698 sunt:
344 666 400 698 cum
412 649 453 699 ille
464 649 562 713 quidem
575 651 751 712 Hephaestioni
770 650 848 698 etiam
866 649 978 699 minatus
989 653 1059 706 esset,

142 715 184 778 qui
196 715 222 763 in
233 715 427 780 flagrantissima
439 716 504 780 regis
516 717 595 779 gratia
607 717 707 778 positus,
719 731 869 778 quamquam
887 715 1007 778 cupidum
1025 730 1059 762 re-

143 781 321 830 conciliationis
333 781 478 840 Eumenem,
490 781 637 844 pertinacius
649 783 812 831 aversabatur.

176 846 318 895 Perventum
332 847 419 895 deinde
432 854 470 895 est
486 847 512 894 in
531 845 629 895 Mediae
642 864 749 910 campos,
759 848 801 896 ubi
819 846 924 894 maximi
941 862 1060 908 equorum

143 927 232 976 greges
248 913 416 974 pascebantur.
450 912 554 961 Nisaeos
571 914 700 974 appellant,
710 912 882 976 magnitudine
894 918 920 959 et
931 912 1014 974 specie
1026 912 1062 959 in·
1140 937 1141 940 =

144 978 236 1041 signes.
269 978 346 1040 Supra
362 979 539 1042 quinquaginta
556 979 624 1026 milia
637 979 670 1027 ibi
683 986 785 1040 reperta,
797 993 853 1026 cum
872 978 1016 1026 Alexander
1032 993 1062 1026 eo

145 1045 268 1101 transiret,
276 1059 291 1090 a
300 1043 430 1092 comitibus
438 1043 504 1092 illius
515 1051 659 1094 annotatum
672 1052 723 1093 est:
735 1045 793 1092 olirn
803 1043 876 1106 triplo
885 1043 968 1104 plures
978 1043 1062 1100 titisse,

145 1110 188 1157 sed
200 1110 263 1158 inter
275 1110 389 1157 bellorum
401 1110 484 1158 turbas
496 1111 630 1158 maximam
642 1127 725 1159 eorum
738 1118 831 1172 partem
849 1109 988 1170 praedones
1007 1109 1062 1156 abe·

145 1175 219 1238 gisae.
252 1175 291 1224 Ad
303 1175 407 1239 triginta
424 1175 476 1223 dies
493 1175 527 1223 ibi
545 1177 653 1224 substitit
670 1193 719 1225 rex.
753 1175 790 1224 Eo
810 1177 942 1236 Atropates
961 1173 1062 1222 Mediae

145 1247 242 1304 satrapa
254 1247 352 1290 eentum
365 1242 480 1289 barbaras
492 1241 608 1289 mulieres
620 1243 727 1300 adduxit,
736 1241 861 1304 equitandi
870 1239 1061 1302 peritas,peltis-

145 1321 192 1367 que
203 1313 229 1354 st
245 1307 372 1354 securibus
388 1313 511 1355 armatas:
528 1308 593 1355 unde
610 1308 709 1370 quidam
728 1308 893 1366 crediderunt,
903 1307 1060 1354 Amazonum

146 1385 176 1419 cx
187 1378 261 1436 gente
272 1371 386 1434 reliquias
396 1372 479 1420 fuisse.
507 1372 623 1434 Septimis
633 1375 719 1422 deinde
729 1373 817 1422 castris
827 1373 959 1420 Ecbatana
971 1370 1062 1436 attigit,

146 1437 245 1485 Mediae
257 1443 336 1498 eaput.
370 1436 408 1485 Ibi
420 1437 549 1486 sollemnia
566 1438 614 1486 diis
632 1439 753 1487 sacrificia
764 1439 830 1497 feeit,
842 1439 958 1500 ludosque
977 1435 1061 1494 edidit,

146 1509 170 1549 ct
182 1503 208 1549 iu
220 1501 331 1550 convivia
343 1501 462 1566 festosque
474 1503 527 1551 dies
538 1503 631 1553 laxavit
648 1505 766 1562 animum,
778 1511 806 1552 ut
822 1521 881 1552 mcx
898 1505 926 1552 in
943 1517 1060 1551 novorum

78 1566 87 1579 “
146 1583 243 1629 operum
262 1583 345 1614 curam
365 1573 436 1630 atque
456 1563 593 1618 ministeria
612 1571 713 1618 validior
733 1571 909 1620 intenderetur.
943 1567 992 1616 Sed
1014 1569 1061 1616 ista

146 1633 287 1690 volventem,
294 1633 359 1679 velut
370 1631 461 1696 injecta
473 1649 555 1694 manu,
565 1635 642 1683 sutum
653 1636 702 1684 alio
710 1637 792 1694 traxit,
799 1635 923 1698 vitamque
934 1635 1063 1683 cumadmc

146 1699 282 1746 amicorum
293 1699 353 1762 ejus,
361 1713 439 1760 neque
452 1700 528 1747 multo
540 1706 594 1762 post
605 1701 652 1762 ipsi
664 1717 755 1764 quoquc
767 1701 820 1765 regi
831 1701 942 1748 extersit.
971 1701 1063 1748 Pueros

146 1765 170 1812 iu
178 1763 258 1812 stadio
265 1769 387 1812 certantes
395 1767 589 1826 spectabatcum
599 1767 724 1815 nuntiatur
735 1768 835 1814 deficere
843 1766 1063 1828 Hephaestionem,
1077 1793 1079 1798 ,

145 1829 185 1892 qui
197 1831 280 1878 morbo
292 1845 322 1877 ex
333 1831 433 1891 crapula
445 1837 569 1878 contracto
587 1832 716 1893 septimum
732 1835 784 1897 jam
804 1833 869 1880 diem
889 1833 1062 1880 decumbebat.

147 1895 282 1944 Exterritus
294 1895 369 1943 amici
381 1896 488 1957 periculo
504 1897 587 1944 statim
607 1900 738 1962 consurgit,
750 1904 774 1945 ct
793 1900 823 1945 ad
842 1897 978 1958 hospitium
998 1897 1063 1948 illius

147 1961 258 2010 celeriter
270 1961 362 2024 pergit:
380 1977 458 2022 neque
471 1967 553 2010 tamen
566 1963 632 2025 prius
645 1979 673 2010 ec
683 1963 799 2024 pervenit,
811 1979 885 2026 quam
905 1963 976 2010 illum
998 1979 1063 2012 mors

144 2036 294 2090 occupasset
329 2026 358 2074 Id
375 2027 427 2091 regi
445 2027 563 2086 omnium,
574 2045 637 2090 quae
655 2029 681 2076 in
693 2029 743 2076 vita
755 2029 893 2091 pertulerat,
905 2029 1062 2078 adversorum

146 2092 355 2141 luctuosissimum
375 2092 496 2140 accidisse
515 2099 608 2142 certum
632 2093 743 2152 habetur,
761 2110 864 2156 eumque
888 2095 1063 2157 magnitudine

146 2158 235 2206 doloris
252 2158 278 2205 in
301 2158 417 2206 lacrimas
439 2164 464 2206 et
485 2158 594 2206 lamenta
611 2159 709 2216 victum,
727 2159 803 2208 multa
826 2159 905 2206 animi
928 2161 960 2206 de
983 2161 1063 2225 gradu

146 2224 234 2288 dejecti
257 2229 406 2288 argumenta
428 2224 541 2273 edidisse.
577 2225 625 2272 Sed
648 2239 678 2272 ea
700 2225 800 2287 quidem
822 2225 889 2274 varie
917 2225 1061 2274 traduntur:

146 2289 205 2336 illud
229 2289 292 2336 inter
313 2303 398 2337 ornnes
421 2294 523 2348 constat,
543 2295 570 2338 ut
592 2305 665 2352 quam
690 2291 876 2338 decentissimas
899 2292 1019 2352 exequias
1038 2293 1062 2340 ei

146 2355 252 2410 duceret,
264 2353 370 2401 noluisse
382 2353 517 2403 Ecbatanis
529 2355 634 2416 sepeliri,
646 2358 688 2404 sed
701 2355 860 2418 Babylonem,
871 2372 919 2418 quo
936 2357 990 2418 ipse
1008 2373 1062 2406 eon.

146 2433 259 2466 cessurus
276 2424 336 2477 erat,
348 2434 363 2464 a
380 2417 499 2468 Perdicca
519 2420 606 2470 deferri
626 2428 740 2470 curasse:
758 2421 839 2483 ibique
858 2422 931 2468 i'unus
950 2423 1063 2472 inaudito

146 2483 251 2530 antchac
263 2482 512 2544 exemploducdecim
531 2486 652 2534 talentum
671 2487 770 2534 milibus
788 2487 914 2534 locavisse.
949 2487 998 2537 Per
1009 2489 1062 2538 uni·

144 2557 240 2596 versum
253 2554 316 2597 certe
328 2547 459 2610 imperium
471 2549 550 2614 lugeri
561 2566 617 2600 eum
631 2553 719 2615 jussit:
737 2559 761 2599 et
778 2569 809 2600 no
826 2552 946 2600 memoria
964 2555 1018 2617 ejus
1035 2554 1061 2604 in

146 2614 255 2663 exercitu
277 2615 430 2673 evalesceret,
448 2614 575 2677 equitibus,
593 2618 648 2679 quis
667 2617 810 2679 praefuerat,
828 2619 922 2666 nullum
943 2620 1062 2680 praefecit

146 2682 242 2739 ducem,
252 2681 296 2730 sed
308 2679 495 2743 Hephaestionis
507 2682 573 2728 alam
584 2684 701 2744 appellari
714 2683 794 2741 voluit,
806 2689 830 2731 et
846 2699 909 2745 quae
926 2683 969 2732 ille
987 2684 1062 2750 sigua

146 2747 299 2806 instituisset,
307 2763 337 2794 ea
344 2761 393 2794 non
401 2746 534 2796 immutari.
563 2745 688 2798 Funebria
698 2750 834 2797 certamina
843 2749 968 2812 ludusque,
977 2753 1061 2812 quales

145 2827 270 2874 nunquam
282 2813 342 2861 editi
354 2813 464 2872 fuissent,
475 2813 615 2872 meditatus,
624 2815 672 2862 tria
684 2815 804 2863 artificum]
816 2813 886 2862 milia
904 2815 1002 2878 coegit:
1020 2817 1060 2879 qui

145 2893 194 2925 non
205 2879 283 2926 multo
295 2885 348 2942 post
358 2879 383 2927 in
392 2879 469 2941 ipsius
478 2880 585 2942 exequiis
595 2887 701 2928 certasse
713 2880 830 2928 feruntur.
859 2878 912 2928 Nec
921 2881 999 2930 amici
1009 2889 1060 2930 tarn

145 2943 223 2990 effuso
235 2943 325 2992 affectu
336 2944 368 2992 ad
380 2945 557 2997 conciliandum
570 2947 623 3010 ejus
634 2946 741 3010 gratiam
759 2945 867 3010 segniter
884 2945 930 3003 usi,
943 2949 1059 2996 certatim

145 3023 277 3070 repperere,
289 3025 332 3072 per
343 3025 404 3073 quae
416 3012 535 3058 memoria
547 3011 655 3060 defuncti
671 3011 758 3060 clarior
775 3011 964 3073 honoratiorque
985 3013 1060 3062 fieret

146 3073 225 3137 Igitur
236 3072 368 3134 Eumenes,
380 3091 436 3124 curn
454 3091 480 3124 se
496 3078 527 3125 ob
545 3077 694 3127 simultatem
714 3093 769 3125 cum
789 3075 974 3138 Hephaestione
994 3078 1059 3142 regis

145 3139 339 3203 indignationem
349 3141 480 3189 incurrisse
489 3142 612 3200 sensisset,
622 3142 704 3190 multis
714 3148 799 3190 auctor
808 3141 861 3200 fuit,
870 3157 943 3206 seque
954 3149 981 3192 et
990 3159 1058 3192 arms

145 3219 189 3252 suu
212 3204 390 3267 Hephaestioni
414 3207 580 3264 consecrandi,
604 3207 766 3269 pecuniasque
790 3207 822 3254 ad
846 3207 1057 3258 cohonestandum

145 3269 217 3318 sunus
229 3271 298 3334 large
316 3271 424 3319 contulit
457 3271 511 3320 Hoc
529 3273 668 3334 exemplum
687 3271 776 3320 imitati
795 3277 853 3320 runt
872 3273 965 3322 ceteri:
984 3289 1058 3336 eoque

145 3334 324 3397 moxprocessit
331 3335 520 3384 assentationem
528 3336 684 3398 impudentia,
692 3338 778 3402 utregi
786 3354 895 3388 maerore
903 3340 1059 3390 etdesiderio

145 3397 253 3446 defirncti
264 3398 397 3448 insanienti
409 3413 551 3462 persuasum
562 3403 661 3451 tandem
673 3403 754 3463 fuerit,
766 3405 840 3453 deum
858 3420 912 3454 esse
931 3406 1058 3470 Hephaes·
