2322 3850
151 277 190 333 86
411 289 450 329 uu
475 289 582 328 essars
604 289 788 328 ausxuuuru.
812 303 815 314 ·

150 399 351 470 implicabantur
360 401 376 466 ,¹
395 397 501 467 levique
514 408 540 450 et
553 414 619 450 vano
638 399 689 449 ictu
711 414 795 466 pauca
814 397 838 451 in
858 397 970 467 hostem,
984 397 1062 467 plura

150 471 175 522 in
206 469 319 522 humum
348 467 452 520 innoxia
480 467 619 520 cadebant.
657 467 726 534 Ergo
755 469 914 520 cornminus²
942 485 1061 536 pugnam

150 541 234 592 coacti
247 553 393 605 conserere,
405 535 507 606 gladios
524 537 634 606 impigre
652 538 787 604 stringunt.
825 539 891 590 Tum
913 554 975 589 vero
994 537 1062 590 mul·

150 617 206 661 tum
220 606 356 675 sanguinis
368 607 455 659 lusum
470 615 519 658 est.
554 607 628 659 Duae
641 606 738 684 quippe
750 607 822 658 acies
834 607 869 658 ita
881 607 1062 658 cohaerebant

150 689 179 731 ut
197 677 278 729 armis
295 693 370 728 arura
387 675 529 746 pulsarent,
548 692 687 728 mucrones
705 693 731 727 ru
749 692 794 728 ora
813 675 964 744 dirigerent.
1001 677 1061 728 Non

150 745 251 813 timido,
273 762 322 798 non
344 745 438 814 ignavo
458 761 562 798 cessare
584 754 641 797 tum
661 742 750 796 licuit:
773 744 867 797 collato
904 744 963 814 ede,
984 745 1061 813 quasi

150 813 245 882 singuli
255 814 323 868 iuter
335 833 364 868 ss
380 814 546 882 dimicarent,
559 813 586 865 iu
605 813 702 866 eodem
721 814 830 881 vestigio
849 763 961 883 stabant,
976 814 1062 866 donec

149 883 279 938 vincendo
292 883 380 938 locum
399 884 448 936 sibi
467 883 590 935 lacerent.
628 882 697 935 Tum
716 883 826 935 demum
844 899 905 952 ergo
924 901 1062 952 promove-

149 953 213 1007 bant
235 952 355 1022 gradum,
379 971 441 1006 cum
467 952 570 1004 hostem
595 962 793 1020 prostraverant.
830 955 864 1007 At
890 953 947 1005 illos
978 971 1062 1006 novus

149 1023 300 1092 excipiebat
328 1022 496 1074 adversarius
526 1020 666 1089 fatigatos,
697 1039 747 1074 neo
778 1021 913 1090 vulnerati,
940 1031 967 1075 ut
995 1024 1062 1075 alias

149 1092 242 1160 solent,
258 1092 317 1144 acie
335 1099 454 1161 poterant
471 1089 609 1159 excedere,
628 1105 689 1144 cum
707 1091 789 1143 hostis
807 1091 913 1144 instaret
932 1109 949 1144 a
967 1091 1060 1161 lroute,

148 1178 166 1216 a
177 1171 250 1230 tergo
263 1162 302 1214 sui
315 1168 446 1228 urgerent.
1065 1206 1067 1211 .

185 1237 228 1284 27.
247 1229 399 1284 Alexander
410 1245 460 1281 nou
474 1227 550 1281 ducis
568 1228 661 1298 magis,
674 1246 755 1298 quam
773 1229 867 1284 militis
884 1230 987 1282 munia⁸
999 1248 1061 1284 exe-

149 1301 287 1370 quebatur,
311 1298 441 1368 opimum⁴
473 1298 556 1350 decus
586 1315 663 1351 caeso
694 1316 756 1366 rege
783 1309 918 1368 expetens.
955 1299 1061 1369 Quippe

149 1369 251 1424 Dareus
274 1385 351 1421 curru
374 1363 496 1420 sublimis
520 1369 663 1438 eminebat,
684 1379 711 1422 et
732 1369 787 1420 suis
811 1369 843 1421 ad
866 1386 894 1420 se
920 1368 1060 1438 tuendum,

149 1447 177 1491 et
201 1437 321 1490 hostibus
343 1436 377 1488 ad
402 1437 588 1490 incessendum
612 1438 706 1505 ingens
729 1438 938 1491 incitamentum.
989 1439 1062 1507 Ergo

149 1505 228 1562 irater
249 1505 307 1576 ejus
326 1505 461 1574 Oxathres,
483 1523 544 1568 cum
566 1507 746 1561 Alexandrum
767 1508 863 1560 instare
884 1509 908 1560 ei
929 1519 1061 1578 cerneret,

149 1577 261 1644 equites,
284 1576 382 1644 quibus
400 1584 528 1645 praeerat,
549 1587 610 1628 ante
632 1577 718 1647 ipsum
739 1594 842 1629 currum
864 1577 933 1644 regis
953 1577 1060 1647 objecit,

148 1647 231 1699 armis
243 1655 269 1697 et
282 1644 373 1698 robore
385 1646 499 1724 corporis
516 1645 631 1698 multum
649 1663 728 1714 super
740 1656 842 1698 ceteros
861 1647 990 1711 eminens,
1004 1649 1060 1700 ani·

149 1732 193 1768 mo
206 1730 267 1766 vero
280 1723 307 1766 et
319 1715 416 1786 pietate
429 1732 455 1766 ru
467 1715 643 1784 paucissimis.
680 1715 727 1768 lllo
747 1716 836 1784 utique
855 1716 952 1784 proelio
964 1715 1060 1785 clarus,

149 1784 216 1838 alios
235 1783 382 1854 improvide
402 1784 529 1837 instantes
550 1784 695 1854 prostravit,
711 1785 778 1836 alios
798 1787 824 1843 in
845 1786 1062 1854 fugam-avertit.

149 1857 185 1908 At
212 1853 377 1906 Macedones
404 1855 485 1926 (circa
512 1869 605 1921 regem
630 1857 735 1924 erant),⁵
760 1865 853 1906 mutua
879 1855 1061 1907 adhortatione

148 1923 252 1994 firmati,
266 1942 329 1977 curn
347 1924 403 1994 ipso
421 1925 446 1976 in
465 1925 586 1992 equiturn
604 1939 700 1988 agmen
719 1925 883 1993 irrumpunt.‘
910 1926 978 1976 Tum
998 1941 1060 1976 vero

150 1995 244 2048 similis
268 1994 358 2046 ruinae
381 2005 482 2062 strages
505 2002 569 2044 erat.
606 1991 682 2045 Circa
705 2009 810 2046 currum
834 1993 915 2046 Darei
935 1993 1061 2062 jacebant

149 2063 308 2116 nobilissimi
326 2063 417 2131 duces,
433 2070 495 2114 aute
513 2061 602 2114 oculos
621 2062 696 2130 regis]
706 2064 812 2131 egregia
829 2072 912 2115 rnorte
931 2061 1059 2138 defuncti,

148 2147 243 2184 omues
262 2132 289 2184 iu
307 2149 351 2184 ora
371 2132 451 2202 proni,
467 2132 533 2184 sicut
554 2131 712 2184 dimicantes
732 2132 930 2201 procubuerant,
947 2133 1061 2185 adverso

148 2216 256 2268 corpore
280 2201 433 2253 vulneribus
454 2201 579 2269 acceptis.
616 2201 687 2253 Inter
711 2201 758 2254 hos
781 2204 898 2271 Atizyes,
920 2210 947 2258 et
971 2201 1060 2256 Rheo-

148 2268 267 2338 mithres,
286 2280 313 2320 et
331 2269 439 2322 Sataoes
456 2280 558 2338 praetor
576 2271 699 2340 Aegypti,
719 2287 872 2353 magnoyum
892 2273 1061 2325 exercituum

148 2336 285 2408 praelecti,
306 2339 515 2391 noscitabautur:
541 2339 610 2391 circa
634 2356 680 2400 eos
702 2340 836 2393 cumulata
860 2351 916 2392 orat
935 2340 1060 2409 peditum

148 2411 322 2476 equitumque
343 2406 476 2460 obscurior
495 2407 578 2460 turba.
615 2408 795 2462 Macedonum
814 2425 919 2478 quoque
937 2426 989 2462 uon
1002 2412 1060 2478 qui-

148 2475 212 2530 dem
230 2477 316 2545 multi,
335 2477 381 2528 sed
400 2477 588 2546 promptissimi
607 2484 696 2530 tamen
715 2479 787 2530 caesi
806 2487 881 2530 sunt:
902 2478 970 2530 inter
991 2495 1060 2548 quos

148 2545 292 2599 Alexandri
315 2545 435 2616 dextrum
461 2545 548 2598 lemur
565 2547 659 2598 leviter
677 2564 802 2600 mucrone
819 2549 986 2616 perstrictum
1006 2559 1059 2602 est.

147 2616 262 2685 Jamque
280 2614 327 2684 qui
346 2615 462 2668 Dareum
474 2614 606 2668 vehebant
625 2616 694 2686 equi,
709 2615 821 2670 confossi
835 2618 917 2670 hastis
929 2626 956 2669 et
968 2617 1059 2672 dolore

147 2685 259 2748 efferati,
278 2683 370 2754 jugum
384 2694 492 2753 quatere
510 2693 537 2736 et
555 2701 644 2753 regem
662 2703 739 2738 curru
758 2696 882 2739 excutere
900 2698 1058 2756 coeperant:

147 2773 209 2810 cum
235 2754 286 2823 ille,
307 2753 405 2806 veritus
429 2769 463 2805 ue
482 2753 559 2806 vivus
576 2757 676 2806 veniret
702 2756 727 2807 iu
755 2754 869 2809 hostium
888 2766 1056 2826 potestatem,

147 2825 242 2893 desilit,
262 2833 289 2876 et
307 2824 333 2876 in
353 2840 460 2892 equum,
479 2822 526 2890 qui
549 2822 582 2874 ad
602 2823 652 2875 hoc
671 2823 769 2894 ipsuml
787 2826 953 2895 sequebatur,
973 2826 1057 2896 impo-

175 2945 182 2967 ¹
196 2939 266 2987 ‘The
281 2940 348 2988 darts
359 2941 458 3021 became
469 2937 598 2999 sutangled
610 2937 668 2986 with
683 2939 743 2986 each
758 2939 835 2997 other,
849 2941 921 3000 being
936 2941 1017 2990 aimed
1031 2951 1057 2990 at

146 2995 186 3086 th}
195 3013 474 3106 'elaliibeiibiiloibsderived
485 3055 546 3104 from
553 3073 646 3104 manus.
658 3049 659 3058 ¹
678 3055 701 3104 It
712 3057 733 3104 is
743 3057 849 3117 opposed
860 3067 885 3106 to
897 3039 1059 3114 eminussaud

145 3129 229 3164 means
241 3114 319 3164 ‘haud
330 3126 354 3164 to
366 3117 447 3172 hand,’
461 3123 499 3163 ‘at
510 3115 574 3164 close
586 3117 711 3174 quartem!

173 3173 332 3242 ’Regarding-
342 3175 387 3242 the
398 3175 472 3224 forms
488 3174 516 3222 ol
527 3177 616 3231 munia,
629 3191 669 3222 nee
682 3175 779 3235 Zumpt,
793 3175 806 3226 t
818 3179 854 3224 89.
886 3175 914 3224 Iu
930 3175 972 3224 the
983 3191 1058 3225 sense

144 3233 172 3282 ol
186 3233 298 3288 ‘danes'
311 3245 328 3280 u
341 3249 361 3281 rs
372 3235 509 3293 equivalent
521 3243 545 3280 to
555 3251 659 3282 munero.

173 3299 182 3321 ¹
193 3292 255 3341 This
266 3291 333 3340 word
344 3307 394 3339 was
406 3293 465 3340 used
477 3292 501 3340 iu
512 3307 526 3339 a
536 3292 626 3350 special
637 3309 702 3349 case,
715 3293 788 3340 when
803 3293 844 3340 the
860 3294 1015 3342 commender
1026 3293 1057 3344 of

144 3367 189 3400 ons
201 3366 270 3410 urury¹
279 3350 428 3408 vauquished
440 3351 480 3400 the
492 3351 573 3398 leader
584 3351 611 3398 os
623 3353 724 3398 another
735 3353 760 3398 in
771 3353 848 3412 single
859 3356 975 3401 combas.

173 3413 234 3458 ‘An
242 3413 280 3457 As
296 3408 395 3477 pdetom
408 3418 434 3454 to
444 3408 524 3455 which
535 3425 572 3456 we
584 3420 649 3476 must
660 3409 747 3477 supply
758 3427 819 3477 narn.

172 3475 181 3500 ⁸
193 3469 256 3517 ‘For
267 3425 315 3516 thre
326 3481 385 3526 very
397 3466 516 3526 purpose!
549 3467 611 3514 This
628 3468 722 3526 rmplres
739 3469 790 3516 that
802 3479 819 3516 rt
832 3485 882 3518 was
893 3485 907 3516 a
918 3485 976 3530 very
987 3472 1056 3520 swift

144 3526 242 3577 animal.
268 3526 291 3574 lt
302 3526 323 3574 is
334 3525 387 3574 said
397 3535 424 3573 to
433 3525 494 3574 have
506 3525 568 3572 been
579 3540 593 3572 a
603 3541 678 3582 mare,
690 3526 773 3574 whose
784 3525 832 3574 ioal
843 3542 893 3575 was
905 3527 964 3588 lrept
975 3540 999 3578 at
1012 3530 1056 3581 tha
