2322 3850
513 243 605 286 rista
630 245 673 286 ιιι.
1008 229 1048 288 2?

134 347 219 404 velles
236 353 359 404 animum
375 351 487 422 experiri
503 355 614 424 ιιιοιιιιι,1
632 351 685 406 ιιῙίο
701 355 818 426 prolecto
841 353 978 424 voluisses,
998 353 1047 410 sed

134 421 246 473 certiore
259 437 340 490 quam
352 433 476 492 expertus
488 439 524 492 es,
538 438 600 475 neo
620 432 705 476 tasses
715 423 833 494 quidem.
869 425 926 477 Hac
935 424 1047 494 epistola

133 497 255 560 accepta,
274 497 364 543 tamen
374 489 451 613 pund
469 491 584 544 diluens
601 439 674 546 hibi:
694 501 720 545 et
738 509 807 546 nuno
825 494 912 562 crede,
931 509 976 546 me
995 510 1046 547 nori

134 559 225 612 minus
244 575 291 630 pro
311 568 356 612 tua
394 559 436 628 de,
452 577 533 630 quam
553 578 599 632 pro
620 577 682 614 mea
702 561 787 614 salute
807 579 866 616 esse
886 563 1048 618 sollicitum.¹

137 627 211 680 llaec
222 627 326 704 locptus
336 629 457 682 dextram
470 629 590 700 Philippo
602 630 687 683 offert.

174 702 214 750 16.
234 697 357 751 Ceterum
375 707 449 750 tante
468 700 508 752 vis
527 699 714 756 medicamenti
736 698 793 768 luit,
814 708 843 754 ut
863 717 932 771 quae
953 709 1047 755 secuta

135 774 198 819 sunt
232 767 442 820 criminationem
478 768 658 822 Parmenionis
687 768 843 839 adjuverint.
887 769 1048 824 Interclusus

136 835 244 908 spiritus
254 845 310 888 arte
325 837 453 890 meabat.⁸
487 838 544 890 Nec
561 839 700 910 Philippus
717 841 862 909 quicquam
880 839 1047 909 inexpertum

135 905 233 958 omisit.
269 905 317 959 llle
335 905 454 959 fomenta
471 907 569 976 corpori
587 908 723 978 admovit3
748 908 793 960 ille
811 917 958 977 torpentem
977 925 1047 962 nunc

136 974 197 1044 cibi,
219 991 290 1028 nunc
309 974 363 1028 riui
383 975 462 1028 odore
482 976 615 1030 excitavit.
652 981 740 1048 Atque
760 985 789 1030 ut
810 978 925 1048 primum
949 979 1047 1032 mentis

135 1052 288 1113 compotem
300 1061 359 1097 esse
371 1047 461 1113 sensit,
474 1045 552 1099 modo
565 1047 656 1100 matris
674 1063 853 1116 sororumque,
868 1045 946 1099 modo
958 1057 1047 1100 tautae

135 1113 262 1166 victoriae
285 1115 518 1186 appropinquantis
541 1115 685 1170 admonere
708 1133 759 1170 nou
784 1114 893 1170 destitit.
929 1115 965 1170 Ut
986 1131 1048 1170 vero

135 1183 366 1236 medicamentum
384 1201 413 1236 se
431 1183 536 1237 diffudit
554 1186 581 1240 iri
600 1203 690 1256 venes,
704 1195 731 1239 et
749 1187 850 1240 sensim
868 1195 922 1240 toto
939 1201 1048 1255 corpore

136 1252 280 1306 salubritas
306 1253 406 1324 percipi
430 1255 521 1324 potuit,
545 1255 660 1326 primum
687 1255 792 1310 animus
815 1255 932 1326 vigorem
961 1271 1047 1326 suum,

135 1321 234 1375 deinde
257 1339 351 1392 corpus
374 1339 479 1392 quoque
503 1325 687 1393 expectatione
711 1325 839 1378 maturius
868 1324 1046 1396 recuperavit:

136 1393 235 1462 quippe
252 1400 310 1462 post
329 1395 434 1445 tertium
452 1393 534 1446 diem⁴
552 1411 632 1463 quam
646 1395 671 1447 iu
684 1394 734 1447 hoc
753 1404 822 1447 statu
835 1395 930 1466 luerat²
943 1395 968 1447 iri
987 1411 1048 1446 con·

135 1471 258 1532 spectum
283 1463 397 1514 militum
420 1462 501 1514 veuit.
537 1464 596 1516 Nec
615 1463 719 1516 avidius
739 1464 826 1534 ipsum
847 1481 945 1534 regem,
966 1466 1048 1534 quam

136 1531 298 1600 Philippum,
319 1531 470 1584 intuebatur
490 1533 636 1586 exercitus:
661 1549 707 1603 pro
727 1551 755 1587 se
780 1535 903 1604 quisque⁵
925 1534 1047 1586 dextram

135 1599 196 1670 ejus
207 1599 325 1668 amplexi
337 1611 426 1680 grates
442 1600 575 1655 habebant
587 1601 660 1656 velut
678 1603 810 1682 praesenti
828 1603 887 1656 deo.
923 1603 1048 1672 Namque

136 1669 207 1722 haud
227 1669 305 1722 lacile
324 1669 396 1722 dictu
415 1671 462 1740 est,
482 1681 586 1741 praeter
604 1673 747 1740 ingenitam
761 1673 797 1725 illi
809 1671 881 1742 genti
894 1687 957 1742 erga
969 1687 1047 1739 reges

135 1755 199 1792 suos
211 1739 416 1810 venerationem,
429 1750 560 1810 quantum
577 1741 656 1811 hujus
674 1741 776 1811 utique⁸
794 1741 863 1812 regis
874 1741 916 1794 vel
933 1741 1048 1794 admira·

136 1808 201 1861 tioni
223 1809 305 1861 dediti
323 1807 430 1879 luerint,
452 1809 494 1862 vel
513 1810 624 1863 caritate
645 1811 819 1880 flagraverint.
855 1811 914 1864 lam
934 1810 1049 1880 primum

136 1877 201 1932 nihil
224 1879 280 1930 sine
301 1878 393 1931 divina
413 1896 463 1949 ope
482 1879 590 1948 aggredi
605 1879 759 1948 videbatur;
778 1896 842 1933 narn
861 1897 923 1932 cum
943 1887 1046 1950 praesto

136 1949 220 2000 esset¹¹
231 1947 330 2018 ubique
344 1945 454 2017 fortuna,
468 1949 604 2002 temeritas
623 1950 648 2001 iri
667 1949 777 2018 gloriam
795 1949 931 2000 cesserat·
966 1951 1050 2003 Aetas

104 2013 111 2033 '
136 2033 244 2088 quoque
257 2017 300 2069 viii
314 2019 392 2070 tantis
403 2029 508 2071 matura
520 2018 606 2086 rebus,
620 2017 666 2071 sed
680 2017 786 2071 abunde
799 2016 944 2085 sufficiens,
957 2019 1049 2071 omnia

135 2085 286 2156 ejusopera
299 2085 474 2140 honestabat.⁹
511 2087 543 2140 Et
563 2103 631 2156 quae
644 2087 744 2141 leviora
767 2086 858 2140 haberi
877 2086 970 2156 solent,
993 2085 1048 2156 ple·

165 2194 173 2217 ¹
186 2193 193 2213 ⁴
204 2187 243 2236 To
254 2199 292 2268 ¹¹2⁷
303 2203 345 2248 my
356 2188 504 2238 attachment
515 2187 562 2236 and
572 2185 712 2238 confideres
722 2187 747 2237 in
758 2187 880 2236 whatever
889 2201 942 2248 wey
950 2187 1050 2247 pleesed

135 2257 386 2354 yossu‘'fliete'onviuced
402 2305 453 2374 that
471 2304 482 2354 1
499 2321 538 2354 arn
554 2305 687 2356 concemed
698 2316 739 2374 not
755 2306 804 2354 less
820 2304 855 2354 for
866 2319 927 2365 your
942 2305 1045 2362 honour,

135 2363 196 2414 thari
206 2365 242 2434 lpr
253 2364 296 2434 the
305 2375 447 2414 restoration
458 2363 486 2413 ο1
498 2381 539 2426 my
550 2365 632 2413 health
640 2365 657 2424 ς’
670 2365 720 2414 thar
734 2381 763 2419 is.
776 2379 821 2434 one
830 2375 900 2472 ffat
917 2380 1002 2412 reason
1014 2363 1050 2432 ¹lor

134 2440 178 2484 my
189 2425 295 2485 wishing
305 2424 347 2474 the
358 2439 472 2484 recovery
483 2424 511 2472 ol
523 2440 564 2485 my
575 2425 673 2474 wouted
683 2424 765 2473 health
777 2439 805 2480 is,
819 2433 828 2471 t
847 2433 871 2471 at
883 2439 942 2484 your
952 2423 1048 2483 lidelity

135 2500 193 2544 may
205 2486 235 2532 be
246 2484 336 2543 proved
346 2483 459 2542 spotleas.
727 2501 733 2512 ·

165 2548 175 2630 ἰ
186 2543 258 2628 :The
269 2543 410 2610 respiretiou
422 2542 494 2603 being
505 2541 625 2624 imperial,
638 2558 688 2590 was
700 2543 787 2590 weali.’

166 2670 174 2693 ⁸
187 2601 600 2729 ‘gieiheohliirldordhirriieelie’tstel'rhe
611 2602 916 2730 eesheerhhhglhieiioesr’ynhig
926 2604 952 2705 1ο
962 2657 1046 2726 antici·

135 2731 192 2780 pate
203 2719 241 2789 his
253 2719 386 2788 neighbour
394 2735 419 2767 in
429 2720 469 2788 the
476 2719 569 2779 display
577 2718 604 2767 ol
611 2719 730 2781 gratitude
739 2731 763 2767 ro
771 2720 811 2767 the
818 2732 943 2786 preserver
951 2715 979 2764 ο1
986 2716 1048 2786 their

134 2788 265 2840 sorerergu
276 2795 297 2828 ie
308 2794 366 2838 very
377 2778 520 2847 beautifully
531 2780 661 2839 expressed
673 2782 705 2838 by
718 2779 758 2826 the
775 2780 938 2844 combination
948 2791 1047 2835 quisque

132 2857 179 2901 pro
188 2856 221 2888 se
255 2838 340 2886 Grates
360 2841 440 2908 habere
460 2854 480 2886 ia
499 2849 540 2885 not
557 2855 572 2886 a
592 2854 703 2886 common
722 2850 870 2902 expressiori.
903 2831 957 2882 The
978 2835 1048 2905 usual

134 2897 395 3006 tristiumue
405 2904 563 3016 trituris
587 2915 632 3004 ni
640 2909 680 3002 u
686 2891 1047 3012 iiriirinlntuu

135 3017 199 3065 their
209 2992 339 3076 maritum,
351 3025 392 3062 not
404 3015 429 3063 in
439 3015 565 3074 speeches.
578 3015 701 3068 however,
713 3014 755 3060 but
768 3013 799 3070 by
810 3010 927 3060 afervent
935 3027 1006 3074 grasp
1017 3012 1045 3060 ol

135 3075 178 3164 th?
187 3074 359 3194 Phiiecialtyst
372 3147 399 3180 or
412 3131 562 3192 ‘particulari
581 3133 597 3178 .’

165 3191 284 3241 'Praesto
293 3210 352 3248 sum,
367 3198 373 3218 ⁶
382 3191 394 3240 1
405 3208 453 3248 ain,
462 3208 489 3241 or
499 3148 580 3246 aranti:
588 3188 661 3249 ready
668 3196 694 3257 to
704 3199 805 3237 execare
816 3205 892 3260 every
897 3185 1043 3257 command‚'

135 3251 256 3321 therefore
269 3251 295 3298 ‘I
305 3252 394 3308 serue,’
407 3265 434 3298 or
446 3250 540 3310 ‘obey.’
569 3247 671 3296 Praesto
681 3261 701 3296 is
712 3247 833 3298 rechoued
844 3265 874 3326 an
886 3245 1045 3298 indeclinable

135 3311 353 3438 adpecffiffld
364 3369 445 3437 over3’
458 3367 552 3435 thetis,
564 3381 616 3414 was
626 3359 750 3426 cinget!
927 3421 933 3432 ¹

163 3434 173 3458 '
184 3428 231 3478 itu
246 3427 321 3488 youth
334 3426 464 3477 beautihed
475 3425 508 3475 all
518 3425 556 3476 hie
567 3423 650 3482 deeds,
663 3424 711 3474 aud
720 3440 782 3486 gave
792 3423 860 3472 theru
870 3437 901 3473 au
911 3437 946 3470 air
955 3421 983 3469 ol
994 3421 1043 3470 ele·

136 3490 212 3550 gerice
223 3486 269 3536 aud
279 3501 358 3549 graoe.
