2274 3844
451 223 539 264 ursan
559 221 611 261 vn.
918 191 975 250 1⁸9

79 353 175 398 antem
206 337 367 394 Chorasmios
389 341 414 387 et
439 331 523 385 Dahas
550 331 680 398 Sacasque
707 335 733 378 et
759 323 837 378 Indos
859 329 885 374 et
910 319 977 372 ultra

80 413 210 468 Tanaim¹
232 425 333 462 amnem
355 404 467 458 colentes
487 401 604 470 Scythas,
625 413 732 468 quorum
754 395 885 446 nerninem
910 390 978 442 adeo

81 483 219 538 humilem
232 495 297 546 esse,
310 485 336 528 ut
349 472 446 527 humeri
458 471 515 541 ejus
527 487 575 522 non
594 477 699 538 possent
717 464 869 518 Macedonis
888 461 979 514 militis

83 554 218 606 verticem
235 563 354 614 aequare.
388 541 553 596 Conclamant
576 537 720 602 temulenti,
740 552 816 586 unam
836 533 902 585 hanc
921 547 978 584 sen·

84 623 201 676 tentiam
214 617 343 671 salubrem
355 631 425 666 esse:
445 621 470 663 et
488 610 582 662 Bessus
600 605 759 661 circumferri
773 619 870 655 merum
883 601 981 669 largius

85 693 172 762 jubet,
186 687 360 741 debellaturus
372 699 447 752 super
460 697 577 732 mensam
590 675 777 731 Alexandrum.

127 766 168 814 tc.
188 760 250 812 Erat
262 758 286 808 in
299 771 330 807 eo
342 753 458 805 convivio
475 749 593 816 Cobotes,
607 748 709 801 natione
722 745 825 811 Medus,
838 741 882 794 sed
902 741 981 808 inagi-

88 849 139 884 cae
151 829 216 880 artis
227 827 259 898 (si
271 823 347 878 modo
357 839 398 874 ara
408 830 455 886 est,
468 837 516 872 non
529 817 662 870 vanissimi
679 814 804 884 cujusque
824 811 982 880 lutlibrium²l

91 899 178 968 magis
196 895 358 966 professione,
371 908 449 960 qnam
467 889 575 942 scientia
592 886 704 954 celeber,
722 883 818 952 alioqui
836 881 984 934 moderatus

93 981 120 1022 et
139 967 244 1039 probus
279 964 304 1016 Is
322 979 380 1014 curn
399 960 528 1028 praelatus
546 967 624 1025 esset,
639 957 706 1008 scire
726 970 800 1006 servo
820 952 908 1005 utilius
926 967 984 1003 esse

93 1054 188 1119 parere
201 1035 277 1102 dicto,
290 1049 368 1103 quam
384 1029 474 1082 afferre
492 1027 635 1094 consilium,
648 1041 708 1078 cum
728 1024 794 1091 illos,
808 1024 851 1092 qui
870 1031 984 1090 pareant,

96 1109 167 1160 idern
187 1103 254 1175 quod
273 1114 370 1156 ceteros
386 1107 496 1167 maneat,
509 1097 553 1166 qui
566 1113 626 1149 vero
642 1094 776 1162 suadeant,
789 1091 918 1163 proprium
937 1091 987 1143 sibi

98 1176 243 1246 periculum
254 1175 271 1225 :³
283 1171 399 1242 poculum
412 1170 497 1232 etiarn,
511 1167 575 1236 quod
597 1165 709 1218 habebat
728 1164 753 1216 iri
772 1180 860 1228 manu,
873 1160 986 1213 tradidit.

99 1248 156 1305 Quo
174 1253 283 1312 accepto
300 1241 416 1306 Gobares,
429 1239 532 1304 Natura,
548 1237 636 1304 inquit,
650 1233 797 1287 mortalium
818 1233 865 1284 hoc
883 1246 988 1300 qunque
1030 1261 1034 1278 .

101 1316 206 1369 nomine
225 1329 303 1382 prava
322 1319 348 1362 et
368 1309 468 1361 sinistra
487 1307 538 1358 dici
560 1313 650 1376 potest,
690 1305 739 1356 uod
765 1304 788 1355 in
810 1320 857 1356 suo
877 1301 988 1370 quisque

102 1386 205 1454 negotio
224 1381 339 1435 hebetior
350 1387 395 1446 est,
409 1395 485 1447 quam
498 1377 522 1428 in
535 1377 627 1428 alieno.
662 1323 788 1427 durbidm
805 1381 863 1426 sunt
881 1371 989 1424 consilia

103 1471 200 1520 eorum,
214 1452 257 1522 qui
274 1449 324 1502 sibi
341 1448 456 1500 suadent.
491 1446 580 1499 Obstat
595 1455 688 1512 metus,
701 1444 760 1497 aliis
777 1443 914 1512 cupiditas,
929 1457 989 1494 non-

104 1540 237 1592 nunquam
256 1518 375 1572 naturalis
391 1534 487 1585 eorum,
506 1533 572 1584 quae
591 1515 784 1583 excogitaveris,
803 1529 884 1566 arnor.
920 1512 988 1565 Nam

104 1595 129 1646 in
143 1602 167 1644 te
180 1590 301 1660 superbia
318 1605 366 1640 non
383 1585 459 1639 cadit.
496 1586 622 1653 Expertus
638 1601 673 1650 es,
687 1600 908 1652 unumquemque,
921 1581 990 1652 quod

106 1663 161 1732 ipse
180 1659 326 1730 reppererit,
344 1668 388 1708 aut
406 1655 498 1709 solum⁵
514 1664 558 1706 aut
576 1659 701 1724 optimum
721 1655 825 1706 ducere.
862 1653 990 1720 Magnum

105 1749 170 1784 onus
181 1731 293 1782 sustines
305 1727 396 1795 capite,
410 1743 497 1783 recum
517 1724 625 1791 insigne.
662 1724 716 1774 lloe
733 1734 777 1775 aut
790 1722 923 1776 moderate
935 1739 992 1792 per·

107 1801 243 1854 serendum
261 1807 306 1864 est,
319 1804 369 1864 aut,
382 1795 449 1866 quod
460 1793 611 1860 abominor,⁶
623 1793 646 1844 in
666 1803 691 1844 te
710 1801 774 1844 ruet.
809 1791 929 1860 Consilio,
942 1809 993 1844 non

108 1873 214 1940 impetu,
237 1864 370 1936 opus'est.
415 1863 512 1933 Adjicit
534 1863 637 1931 deinde,
661 1861 729 1930 quod
753 1861 820 1931 apud
846 1862 995 1914 Bactrianos

107 1941 184 2008 vulgo
213 1937 375 2005 usurpabant,
404 1951 495 1986 canem
526 1932 646 1984 timidum
676 1931 858 1983 vehementius
892 1931 994 2000 latrare,

107 2025 187 2080 qnam
217 2007 339 2074 mordere,
361 2005 487 2057 altissima
514 2019 633 2071 quaeque
662 2001 770 2054 flumina
798 2001 906 2053 minimo
935 2017 997 2054 sono

109 2079 180 2132 labi.⁷
214 2077 285 2134 Quae
308 2073 410 2140 inserui,
430 2083 457 2126 ut
480 2073 666 2140 qualiscunque
688 2073 753 2123 inter
773 2069 896 2123 barbaros
912 2073 997 2150 potuit

110 2166 169 2202 esse
190 2145 330 2216 prudentia,
349 2145 498 2195 traderetur,
534 2143 580 2194 llis
601 2141 763 2194 audientium
788 2149 998 2213 expectationem
1027 2137 1031 2144 ’

111 2217 298 2286 suspenderas
330 2215 397 2266 Tum
420 2212 557 2264 consilinm
579 2213 668 2280 aperit,
693 2211 783 2263 utilius
806 2211 893 2280 Besso,
918 2229 999 2281 qnam

111 2288 217 2357 gratius.
252 2285 279 2338 ln
301 2282 433 2350 vestibulo,
448 2282 538 2350 inquit,
555 2283 640 2349 regiae
660 2291 720 2334 tuae
741 2281 922 2334 velocissimus
939 2299 999 2335 ton-

112 2357 179 2410 sistit
192 2372 243 2408 rex.
272 2357 339 2408 Ante
351 2352 394 2405 ille
406 2368 508 2420 agmen,
521 2369 599 2420 quarn
612 2360 638 2404 tu
650 2369 769 2404 mensam
783 2352 860 2406 istam
873 2351 1000 2406 movebis.

116 2445 275 2453 --—--......

142 2479 149 2501 ¹
161 2471 198 2518 lle
206 2485 286 2518 means
294 2469 334 2516 the
343 2469 459 2523 Iaxartes,
468 2468 546 2515 which
554 2484 604 2516 was
612 2469 687 2517 called
695 2472 727 2530 by
734 2469 1001 2520 Alexander’ssoldiers

114 2532 155 2580 the
166 2531 262 2582 Tanais.
275 2529 318 2576 end
329 2527 474 2576 coniounded
484 2527 540 2576 with
552 2528 603 2576 that
613 2530 675 2578 river
685 2529 735 2583 (the
746 2529 845 2580 modern
855 2530 925 2584 Don).

142 2596 153 2620 ¹
164 2591 218 2636 ‘An
228 2589 389 2636 amusement!

144 2649 250 2718 'fSince
261 2664 274 2694 a
284 2647 370 2706 danger
380 2645 483 2706 peculias
497 2657 522 2693 to
537 2647 682 2698 themselves
698 2649 782 2696 awaits
798 2649 867 2697 those
878 2648 934 2696 who
950 2649 1003 2710 give

115 2708 213 2758 advrce’
243 2706 290 2754 For
300 2708 350 2761 sibi,
360 2706 399 2752 the
410 2721 473 2752 more
484 2717 573 2755 correct
599 2708 822 2756 ronounwouldbe
835 2710 900 2770 ipris.
932 2709 1004 2758 Some

116 2767 193 2815 words
203 2781 287 2824 appear
297 2776 321 2812 to
330 2765 389 2812 have
400 2765 502 2824 dropped
512 2777 553 2813 out
597 2767 707 2820 erthese.
718 2766 778 2816 such
789 2783 815 2814 as
826 2785 841 2814 o
852 2767 924 2815 Besso
934 2771 1007 2818 diem

116 2844 174 2888 qaae
183 2829 209 2874 ia
218 2827 293 2872 ocimo
303 2827 388 2872 halect
394 2826 478 2884 jussus
495 2835 536 2872 est.
567 2825 649 2874 These
660 2843 700 2874 are
711 2825 830 2884 required,
843 2827 867 2874 in
877 2826 946 2874 order
956 2827 1007 2876 thst

117 2887 157 2934 the
166 2885 306 2932 nominative
317 2885 336 2931 is
347 2899 401 2943 may
409 2884 468 2930 have
477 2886 564 2933 averb.
588 2885 676 2934 Bessos
685 2886 706 2932 is
714 2883 756 2932 the
764 2885 858 2944 subject
867 2885 894 2933 oi
901 2889 1007 2937 tradidit.

119 2945 155 2994 He
166 2943 220 2990 who
229 2943 271 2990 hus
282 2943 321 2989 the
332 2958 376 3002 cup
386 2942 480 3001 speaks.

146 3009 155 3032 s
166 3009 172 3030 s
309 3003 316 3023 t

146 3001 331 3118 ‘Tithiisuee‘tlhe
341 3062 397 3130 only
407 3061 476 3168 thing
485 3062 564 3110 which
574 3077 619 3110 ean
629 3064 659 3110 be
670 3062 748 3112 donc)

146 3127 155 3152 ¹
167 3123 190 3168 A
198 3121 276 3169 clause
286 3121 406 3168 throwntn
413 3132 454 3168 ast
473 3137 486 3168 e
495 3123 633 3180 expression
641 3121 668 3169 of
675 3138 705 3170 sn
713 3133 808 3174 curum
816 3125 878 3174 svish
886 3125 939 3176 thet
948 3127 1012 3178 what

120 3182 150 3230 he
161 3181 181 3228 is
196 3180 310 3240 speaking
323 3180 351 3226 of
361 3195 416 3238 may
427 3191 468 3227 not
479 3181 535 3228 ralis
546 3180 626 3238 place:
643 3181 780 3241 equivaleot
801 3200 829 3234 ss
839 3186 871 3235 its
881 3185 1014 3238 derivatico

121 3241 208 3294 shows,
220 3249 245 3286 to
254 3241 311 3286 obad
321 3257 391 3294 omen,
404 3242 464 3306 qood
473 3238 506 3285 Ja
539 3242 583 3286 iter
592 3257 657 3290 omen
665 3252 762 3292 emtas.
782 3219 789 3242 ⁹

150 3305 157 3326 ¹
170 3299 239 3345 ‘'l'he
252 3297 336 3356 deeper
346 3299 385 3346 the
396 3313 467 3352 river,
480 3309 521 3346 wrt
555 3299 595 3346 the
611 3299 660 3350 less
675 3301 752 3352 souud
762 3303 820 3354 tlocs
831 3305 850 3354 'rt
860 3303 934 3354 tow)
968 3305 1015 3358 Soc

124 3359 217 3464 Zumpp,
229 3357 243 3407 i
253 3361 304 3411 710,
316 3359 335 3404 ὁ.

126 3493 159 3524 ωε
168 3415 590 3537 ooiyaffidaiiidsiuspdiioidddiiiii
600 3419 641 3469 ὼε
649 3421 800 3482 ‘mm
810 3421 838 3472 ⁰¹
844 3423 883 3474 Μ’
892 3423 991 3479 tmen
997 3429 1015 3479 ι’
