2324 3844
127 183 185 242 818
393 201 433 242 ne
456 202 562 244 crisis
584 203 768 246 iarxiirnni.

127 312 206 382 tione,
219 327 270 365 non
287 309 357 382 justa
372 313 459 382 modo,
473 313 613 368 sedetiam
626 314 784 384 necessaria,
797 321 905 370 exactas
915 315 1034 372 menese

127 381 200 434 sclua
211 390 341 452 expectat,
355 390 382 434 et
392 382 449 452 jam
460 383 561 437 divinat
572 400 675 436 marem
686 400 747 436 esse
759 394 916 454 conceptum
926 401 933 454 5
951 401 1035 454 quem

127 467 174 504 vos
195 450 321 504 dubitetis
343 462 465 521 paratum
487 469 547 506 esse
566 453 608 506 vel
632 453 766 508 subdere.⁹
801 453 827 506 Si
851 454 1035 510 mediusfidius

127 520 279 574 Alexander
290 521 361 574 hunc
376 523 453 576 nobis
470 539 559 591 regern
578 540 624 594 pro
643 540 671 575 se
691 523 846 593 reliquisset,
861 523 889 578 id
901 525 987 578 sulum
999 541 1036 578 ert·

127 589 176 660 his,
195 607 264 660 quae
282 592 446 664 imperasset,
461 609 514 646 uun
531 593 683 646 faciendum
702 609 761 646 esse
778 609 926 646 censerem.
961 593 1035 653 Quin

127 661 204 730 igitur
215 661 249 713 ad
262 661 424 731 diripiendos
435 663 573 716 thesauros
585 663 731 715 discurritis
738 662 760 714 Ῥ
767 661 862 718 harum
871 664 944 718 euim
952 679 1034 732 opum

126 731 258 798 regiarum
277 732 367 801 utique
384 733 497 802 populus
513 741 554 785 est
570 733 656 787 heres.
688 733 765 784 Haeo
777 731 904 802 elocutus,
917 750 965 802 pet
976 750 1033 788 ure·

126 799 184 852 dics
200 808 315 854 armatos
333 803 425 872 erupit,
439 811 466 855 et
481 803 526 872 qui
544 802 653 856 abeunti
665 801 736 854 viam
749 800 885 872 dederant,
898 803 987 872 ipsum
998 802 1033 856 ad

125 871 322 940 pronuntiatum
334 871 459 940 praedam
473 872 659 942 sequebantur.

160 943 202 991 22.
221 940 333 1010 Jamque
345 949 505 994 armatorum
523 942 592 994 circa
610 940 776 1009 Meleagrum
795 941 1033 1011 frequens.globue

125 1019 190 1079 erat,
203 1009 229 1062 iri
248 1010 405 1064 seditionem
423 1029 455 1064 ac
473 1011 632 1064 discordiam
648 1027 725 1064 versa
742 1012 878 1080 contione,
896 1029 958 1070 euni
975 1011 1033 1080 qui·

125 1078 188 1132 dam
208 1079 340 1150 plerisque
361 1079 541 1136 Macedonum
565 1081 668 1150 ignotus
690 1097 724 1132 ex
744 1079 837 1132 infima
857 1080 943 1150 plebe,
962 1080 1033 1140 Quid

124 1163 191 1218 opus
215 1157 263 1219 est,
284 1149 374 1218 inquit,
395 1152 477 1204 armis
500 1151 623 1220 civilique
646 1149 722 1219 bello,
748 1149 908 1204 habentibus
930 1167 1032 1230 regern,

124 1233 206 1286 quern
229 1219 374 1288 qiraeritist
409 1221 579 1290 Arrhidaeus,
599 1221 719 1289 Philippo
742 1220 868 1288 genitus,4
888 1219 1034 1274 Alexandri

124 1288 203 1357 paulo
214 1293 283 1341 'ante
301 1290 370 1357 regis
388 1289 475 1360 frater,
489 1290 622 1343 sacrorum
638 1289 910 1359 caerimoniarumque
926 1305 1035 1345 consors

111 1358 211 1428 modo,
224 1375 294 1411 nuno
307 1360 377 1411 solus
390 1359 474 1426 heres,
488 1361 669 1428 praeteritura
681 1357 764 1412 vobis.
785 1358 846 1417 'Quo
859 1359 951 1412 meritc
964 1359 1033 1412 suot

111 1451 113 1455 ·
124 1427 223 1494 quidve
236 1427 305 1496 lecit,
319 1445 366 1480 cur
378 1430 459 1482 etiam
470 1430 590 1498 gentium
603 1429 739 1484 communi
750 1427 808 1498 jure
821 1428 975 1484 fraudaturi
1006 1427 1032 1482 Si

124 1496 275 1552 Alexandro
294 1497 408 1551 similem
426 1499 560 1568 quaeritis,
579 1516 713 1568 nunquam
735 1497 888 1567 reperietis,
907 1498 1032 1568 siproxl·

123 1583 206 1636 mum,
220 1565 263 1618 hic
275 1567 347 1620 solus
358 1577 406 1621 est.
443 1569 491 1624 His
502 1569 599 1622 auditis
611 1569 696 1622 contio
709 1568 794 1638 primo
809 1567 944 1624 silentium
958 1567 1032 1622 velut

123 1635 197 1706 jussa
216 1636 322 1690 habuit:
343 1637 509 1692 conclamant
522 1639 619 1691 deinde
631 1639 734 1708 pariter,
747 1637 924 1692 Arrhidaeum
936 1653 1032 1692 vocau-

124 1705 189 1757 dnm
201 1721 268 1776 esse,
282 1716 446 1778 mortemque
459 1713 574 1778 meritos,
587 1709 633 1790 qui
646 1708 798 1762 contionem
810 1708 866 1760 sine
879 1725 911 1760 eu
922 1706 1031 1760 habuis·

124 1783 190 1828 sent.
227 1776 297 1829 Turn
317 1777 410 1830 Pithon
429 1779 523 1848 plenus
543 1778 711 1830 lacrimarum
730 1777 828 1830 orditur
845 1777 942 1846 dicere,
960 1793 1032 1830 nunc

125 1844 167 1896 vel
179 1847 297 1898 maxime
309 1847 488 1902 miserabilem
500 1865 560 1900 esse
572 1847 761 1916 Alexandrum,
794 1847 820 1899 ui
836 1855 891 1900 tarn
902 1847 1031 1900 honorum

123 1914 224 1968 uirium
236 1915 404 1987 militumque
417 1919 503 1973 fructu
515 1927 541 1970 et
554 1915 703 1986 praesentia
715 1915 772 1968 trau
809 1925 941 1968 tusesset.
977 1916 1031 1968 No·

123 2001 185 2038 rnen
199 1985 271 2039 enim
284 1988 493 2058 memoriamque
504 1990 572 2056 regis
583 1987 623 2040 sui
636 1994 738 2040 tanturn
748 1985 887 2052 intuentes,
897 1985 930 2038 ad
940 1993 1031 2038 uetera

123 2053 237 2124 caligare
250 2058 315 2109 eos.⁵
350 2057 426 2110 Haud
438 2057 564 2126 ambigue
581 2059 607 2109 in
624 2055 759 2125 juvenem,
772 2056 815 2109 cui
827 2072 937 2124 regnum
949 2054 1030 2108 desti·

123 2124 241 2193 trabatur,
255 2127 375 2196 impensa
393 2127 487 2197 probra
504 2127 589 2195 magis
606 2127 655 2195 ipsi
673 2125 773 2194 odium,
786 2142 867 2194 quam
882 2123 1030 2178 Arrhidaeo

123 2202 305 2264 contemptum
317 2197 475 2250 attuleruut:
506 2197 586 2266 uippe
595 2195 660 2248 dum
668 2196 833 2264 miserentur,
845 2195 925 2248 etiarn
938 2195 1029 2247 lavere

123 2273 272 2332 coeperunt.
309 2266 391 2334 Igitur
409 2283 459 2320 non
478 2214 560 2320 adium
579 2281 669 2334 regem
686 2281 724 2334 se,
742 2281 822 2333 quam
842 2281 912 2332 euin,
931 2265 977 2334 qui
993 2262 1028 2316 ad

62 2373 68 2378 .
123 2331 192 2384 hanc
204 2351 280 2402 spem
291 2337 395 2403 genitus
406 2345 484 2404 esset,
498 2352 627 2406 passuros,
641 2334 768 2404 pertinaci
778 2333 970 2390 acclamatione
982 2333 1028 2386 de·

121 2401 229 2471 clarant,
243 2405 383 2472 vocarique
401 2405 578 2458 Arrhidaeum
595 2404 696 2474 jubent.
732 2403 818 2462 Quem
834 2404 973 2471 Meleager
989 2403 1027 2455 in·

121 2471 206 2525 festus
224 2472 387 2542 invisusque⁸
405 2474 547 2527 Perdiccae
566 2482 671 2527 strenue
688 2473 809 2542 perducit
824 2472 851 2526 in
866 2473 982 2542 regiam,
1000 2480 1027 2525 et

120 2542 219 2595 milites
232 2542 381 2612 Philippum
394 2544 589 2597 consalutatum
601 2557 691 2611 regem
703 2541 845 2612 appellant.

149 2696 156 2719 ¹
169 2689 240 2739 ‘The
252 2690 349 2738 months
360 2689 387 2737 of
399 2689 442 2736 her
452 2702 589 2748 pregnancy
600 2685 704 2747 through
715 2685 795 2734 which
806 2685 849 2734 she
860 2685 908 2735 had
917 2686 1023 2746 passed!

147 2749 238 2798 '‘Cun
254 2765 302 2810 you
318 2748 393 2798 doubt
409 2748 461 2796 that
477 2747 508 2795 he
524 2747 545 2794 is
563 2747 635 2806 ready
647 2761 709 2808 even
722 2756 748 2793 tc
762 2746 894 2794 substitute
905 2761 920 2792 a
930 2745 995 2794 child
1002 2747 1022 2796 l’

120 2809 268 2916 Respecting
275 2809 316 2858 the
323 2807 484 2916 sulpunctive,
493 2821 534 2854 see
544 2805 623 2854 Grani.
633 2805 711 2862 t3473
721 2820 833 2865 compare
841 2805 938 2864 Zumpt,
950 2806 1023 2858 9803.

148 2873 156 2897 ³
188 2871 291 2931 orquin,
305 2884 346 2916 see
383 2885 438 2915 rum.
451 2865 525 2921 hm,
538 2867 626 2934 nctlefl.
745 2924 750 2934 ι
804 2924 810 2934 .

147 2927 202 2987 ‘By
213 2928 324 2977 aduncsr
335 2927 362 2976 of
369 2927 410 2974 tha
421 2941 491 2974 nanis
502 2924 530 2972 of
538 2925 650 2972 Philinna
659 2923 688 2972 of
695 2923 793 2972 Larissa
803 2939 827 2972 iri
837 2923 967 2984 Thessaly.
984 2923 1023 2975 He

117 2985 165 3035 had
181 2987 286 3034 hitherto
301 2987 393 3046 always
409 2987 471 3034 been
487 2983 627 3034 considered
637 2993 661 3031 at
672 2983 713 3031 the
725 2993 792 3031 court
803 2983 831 3031 cl
843 2983 986 3052 Alexander
996 3001 1023 3034 as

117 3061 147 3094 an
160 3045 225 3095 idiot.
243 3047 304 3094 This
316 3062 366 3094 was
372 3045 418 3097 „the
426 3059 520 3100 reason,
531 3042 604 3092 much
614 3058 680 3091 mora
688 3057 750 3090 even
758 3043 817 3091 than
825 3042 862 3092 hrs
871 3043 1022 3112 illegitimate

116 3105 202 3212 prigpn,
214 3104 271 3165 why
278 3121 339 3153 none
348 3105 376 3154 of
383 3105 424 3156 the
434 3102 553 3168 generals,
565 3101 621 3150 who
631 3110 696 3152 murt
706 3101 768 3150 have
779 3102 870 3151 known
879 3102 938 3160 hun,
949 3101 1022 3153 rnted

126 3179 154 3254 οῖ’
167 3179 221 3270 Cldll'
237 3240 278 3271 are
301 3227 341 3271 ‘to
351 3224 382 3270 be
393 3221 514 3278 obscure‚'
525 3221 545 3268 is
555 3221 616 3270 used
627 3221 651 3269 in
661 3220 702 3268 the
711 3220 763 3270 first
771 3221 839 3282 place
847 3219 875 3270 of
881 3219 954 3286 weak
962 3235 1020 3282 eyes

115 3280 197 3330 which
212 3240 242 3330 do
258 3290 299 3330 not
315 3297 357 3329 see
372 3281 445 3340 clearl
472 3297 499 3330 or
511 3279 650 3348 distinctlyj
667 3280 715 3329 and
725 3279 901 3340 sedondlynlso
912 3279 940 3328 ol
953 3295 1018 3338 nien,

117 3342 157 3386 ‘to
167 3341 198 3388 be
209 3339 283 3410 blind’
296 3343 433 3408 (sauritim),
446 3297 505 3410 {oth
516 3354 541 3387 in
552 3339 685 3400 aphysical
696 3340 742 3390 and
753 3338 853 3402 tropical
862 3353 942 3390 scum.

142 3397 260 3448 ‘Inuum
271 3414 291 3448 rs
302 3398 361 3448 both
375 3398 548 3460 ‘dl-disposed’
561 3399 612 3450 and·
620 3405 627 3426 ⁸
634 3399 724 3450 hateri*
