2278 3846
152 235 209 292 llo
414 244 453 284 or
477 245 583 285 essars
604 244 789 286 traxerunt.

149 355 289 428 pellebant,
308 353 392 406 ardua
412 353 514 421 semita,
533 353 580 406 sed
600 353 705 421 longius
723 369 739 404 a
759 352 916 406 stationibus
940 352 1057 408 hostium

151 434 257 492 remota,
270 423 355 478 multa
372 439 434 474 curn
454 424 592 476 vexatione
613 423 748 491 processit.
785 421 896 476 Medius
914 433 973 474 erat
991 423 1056 492 dies,

150 505 176 548 et
195 493 312 560 fatigatis
331 493 481 544 necessaria
492 491 582 560 quies:
601 492 699 562 quippe
718 491 874 546 tantundem
894 491 998 544 itineris
1016 510 1058 546 su·

150 571 259 632 pererat,
272 569 401 630 quantum
419 562 521 614 emensi
538 570 620 630 erant,
634 561 681 614 sed
700 559 789 615 minus
806 561 961 640 praecipitis
977 571 1058 630 atque
1133 615 1135 624 ,

149 631 232 684 ardui.
276 632 368 699 ltaque
397 628 502 682 relectis
524 630 584 682 cibo
608 647 752 698 somnoque
776 630 914 699 militibus,
940 630 1058 684 secunda

150 700 241 769 vigilia
253 700 343 768 surgit.
381 700 414 752 Et
426 709 515 752 cetera
527 698 635 767 quidem
649 699 718 751 haud
730 715 809 766 aegre
827 700 970 767 praeteri13
988 715 1057 752 cete·
1133 715 1135 736 t

150 787 216 839 ruru,
229 786 281 839 que
300 786 329 822 se
347 770 476 822 montium
494 767 588 837 jugum
605 769 732 838 paulatim
750 768 783 820 ad
802 767 920 847 planiora
931 768 1056 834 demittit,
1133 771 1135 832 ἶ

151 841 243 908 ingens
256 839 359 906 vorago¹
372 854 499 890 concursu
519 846 613 890 cavata
630 837 782 890 torrentium
801 845 850 889 rter
863 847 980 906 ruperat.
1016 838 1058 890 Ad

150 909 201 962 boc
219 909 339 962 arborum
359 909 423 960 tarni
441 906 510 960 alius
526 905 579 959 alio
591 906 720 976 implicati
733 913 759 958 et
771 905 947 958 cohaerentes
960 916 990 960 ut
1003 925 1058 975 per·

150 979 269 1046 pernam*
286 977 439 1047 objecerant
459 993 560 1044 sepem.
596 976 750 1044 Desperatio
771 974 850 1043 igitur
868 977 972 1045 ingens,
992 977 1058 1028 adeo

151 1050 236 1100 utrix
253 1047 368 1100 lacrimis
379 1046 549 1114 abstinerent,
563 1045 713 1097 incesserat.
751 1044 898 1114 Praecipue
910 1045 1060 1098 obscuritas

151 1119 240 1169 terrori
253 1126 323 1169 erat:
341 1132 404 1168 nam
416 1115 520 1167 etiamsi
533 1131 586 1183 qua
603 1113 690 1166 sidera
707 1113 900 1181 internitebant,
914 1115 1059 1168 continenti

151 1184 242 1238 fronde
264 1193 350 1238 tectae
371 1184 477 1237 arbores
496 1187 648 1252 conspicere
673 1183 854 1252 prohibebant.
890 1183 933 1235 Ne
954 1185 1059 1236 aurium

150 1255 261 1333 quidem
272 1271 335 1307 usus
352 1263 495 1331 supererat,
509 1253 590 1306 silvas
600 1253 734 1320 quatiente
746 1261 831 1320 vento,
863 1252 890 1306 ui
902 1269 1060 1305 concurren-

151 1323 232 1377 tibus³
244 1325 324 1377 ramis
335 1339 461 1391 majorem
475 1339 555 1390 quam
568 1338 612 1390 pro
625 1321 689 1374 flatu
698 1337 790 1374 sonum
801 1269 907 1374 eddhat.
935 1323 1059 1374 Tandem

151 1401 291 1462 expectata
310 1391 355 1444 lux
375 1392 471 1457 omnia,
489 1407 558 1460 quae
576 1390 731 1444 terribiliora
749 1407 800 1444 nox
818 1390 926 1459 lecerat,
946 1392 1059 1444 minuit:

151 1461 283 1514 circumiri
303 1459 378 1513 brevi
398 1460 480 1528 spatio
500 1469 602 1530 poterat
622 1459 743 1530 eluvies,⁴
758 1471 785 1512 et
803 1459 854 1513 sibi
871 1461 989 1530 quisque
1007 1462 1060 1516 dux
1133 1525 1134 1530 Ἰ

151 1531 251 1582 itineris
263 1546 311 1582 coe
347 1527 463 1580 ratfieri.
1133 1575 1134 1578 ,

188 1604 226 1652 16.
246 1599 302 1652 Era
322 1599 378 1650 unt⁵
396 1613 458 1665 ergo
478 1597 505 1649 in
525 1597 627 1650 editum
646 1598 789 1650 verticem:
818 1615 851 1650 ex
869 1614 920 1666 quo
942 1598 1060 1652 hostium
1134 1617 1135 1622 ¹

78 1689 86 1702 ¹
150 1669 262 1720 statione
280 1673 428 1745 conspecta,
442 1677 548 1719 strenue
560 1667 662 1735 armati,
676 1685 693 1719 a
705 1675 777 1735 tergo
789 1683 818 1720 se
830 1666 974 1720 ostendunt
994 1668 1059 1720 nibil

151 1736 203 1788 tale
224 1735 418 1789 metuentibus:
439 1752 551 1805 quorum
574 1735 658 1805 pauci,
678 1735 723 1804 qui
747 1735 871 1804 congredi
894 1737 954 1789 ausi
975 1746 1057 1806 erant,

150 1807 220 1858 caesi
240 1815 308 1858 sunt.
345 1804 437 1874 Itaque
457 1805 518 1858 hinc
536 1806 704 1858 morientium
721 1805 845 1872 gemitus,
862 1805 924 1857 hino
943 1806 978 1858 ad
998 1811 1060 1860 'suos
1125 1821 1128 1827 ¹

151 1876 339 1930 recurrentium
359 1874 517 1927 miserabilis
534 1872 625 1943 lacios,
644 1875 760 1942 integros
776 1890 889 1944 quoque,
910 1884 1059 1944 antequam
1133 1877 1134 1916 ἶ

149 1944 289 1998 discrimen
310 1944 497 2024 experirentur,
517 1944 543 1995 in
561 1942 653 2011 fugam
673 1944 774 1995 avertit.
819 1943 939 2001 Fremitu
961 1945 1059 1996 deinde

150 2013 175 2066 in
195 2024 288 2082 castra,
308 2031 370 2082 qrus
391 2013 513 2065 Craterus
536 2011 721 2082 praesidebat,⁸
743 2012 822 2080 illato,
843 2011 877 2064 ad
903 2015 1059 2082 ocupandas

148 2084 292 2151 angustias,
307 2083 331 2134 in
345 2081 441 2151 quibus
452 2082 536 2151 pridie
555 2081 701 2150 haeserant,
714 2081 936 2134 miles‘educitur.
975 2083 1058 2135 Simul

148 2160 175 2204 et
188 2153 305 2204 Philotas
317 2168 379 2204 curn
397 2150 586 2220 Polyperconte
599 2152 716 2219 Amynta
734 2167 768 2202 ue
780 2158 807 2202 et
819 2151 906 2203 &eno
919 2151 1057 2204 diversum

148 2220 199 2273 iter
211 2221 311 2288 ingredi
322 2219 419 2287 jussus,
431 2219 513 2272 alium
527 2229 650 2272 terrorem
663 2167 750 2271 intulit
768 2218 893 2272 barbaris,
930 2219 1058 2290 Undique

148 2306 209 2356 ergo
227 2289 408 2341 Macedonum
427 2288 508 2340 armis
525 2288 696 2358 fulgentibus,
714 2288 822 2357 ancipiti
840 2288 911 2340 malo
928 2291 1055 2358 oppressi,

147 2356 320 2410 memorabile
344 2364 434 2408 tamen
459 2357 586 2424 proelium
609 2357 698 2410 edunt.
735 2357 769 2411 Ut
789 2357 888 2426 opiner,
910 2357 1056 2425 ignaviam⁷

147 2442 252 2494 quoque
271 2426 417 2477 necessitas
434 2425 512 2495 acuit,
526 2435 552 2478 et
565 2443 645 2494 saepe
664 2426 812 2496 desperatio
831 2427 888 2494 spei
905 2443 989 2480 causa
1007 2438 1054 2480 est.

147 2495 217 2548 Nudi
241 2492 485 2563 complectebantur
504 2505 627 2563 armatos,
649 2503 675 2548 et
699 2496 799 2563 ingenti
822 2511 960 2564 corporum
985 2497 1055 2550 mole

147 2580 240 2617 secum
257 2563 290 2616 ad
310 2573 405 2615 terram
423 2563 599 2630 detrahentes,
614 2565 729 2632 ipsorum
741 2564 801 2619 telis
818 2563 959 2634 plerosque
973 2566 1054 2619 lodie·

146 2632 216 2686 bant.
252 2632 442 2688 Ariobarzanes
459 2642 555 2703 tamen,
574 2634 619 2685 XL
638 2633 721 2686 ferme
739 2633 872 2702 equitibus
891 2641 918 2686 et
938 2636 1053 2703 quinque

146 2702 253 2757 milibus
265 2703 383 2772 peditum
393 2704 510 2772 stipatus,
520 2721 567 2772 per
577 2702 695 2756 mediam
702 2702 790 2754 aciem
801 2702 984 2756 Macedonum
993 2721 1052 2756 cum

145 2772 229 2826 multo
252 2789 358 2827 suorum
381 2780 461 2840 atque
485 2771 599 2825 hostium
623 2771 750 2839 sanguine
774 2771 867 2840 erupit,
889 2770 1050 2842 Persepolim

145 2842 247 2912 urbem,
263 2852 342 2912 caput
361 2841 479 2912 regionis,
494 2857 607 2912 ccupare
626 2841 761 2894 festinans.
796 2838 849 2892 Sed
866 2856 883 2892 a
900 2842 1052 2896 custodibus

174 2963 182 2986 ¹
195 2958 287 3014 ‘Geli’
301 2973 327 3006 or
340 2957 443 3018 ‘abyss.'
563 2991 565 2997 ι

173 3018 247 3070 ’‘As
259 3017 276 3063 it
288 3018 371 3072 were,’
383 3033 410 3064 or
424 3017 502 3064 ‘what
515 3015 633 3076 might‘be
644 3014 720 3063 called
732 3030 746 3061 a
756 3015 900 3063 continuous
911 3014 1008 3077 hedge!

173 3079 182 3102 ³
195 3073 263 3122 ‘The
273 3075 345 3132 wind,
360 3075 420 3124 from
436 3076 477 3123 the
494 3076 540 3122 hou
559 3075 588 3122 hs
602 3074 707 3134 rustling
722 3089 748 3121 or
763 3073 862 3134 bearing
880 3075 975 3135 against
994 3075 1051 3124 euch

144 3132 530 3191 other,producedaloudersoun
555 3131 1049 3192 thanwasproportionedtoitsviolence.’

173 3197 181 3219 ⁴
194 3189 285 3238 ‘cteta’

172 3259 181 3283 ¹
193 3249 262 3297 ‘The

158 3308 232 3358 sd'ffi
265 3249 380 3356 praesb?
392 3265 419 3298 or
432 3253 522 3300 ‘arrivs
533 3251 574 3300 at!
599 3250 662 3299 This
671 3251 728 3298 verb
736 3249 828 3309 always
839 3249 935 3310 implica
947 3253 989 3300 the
1000 3252 1052 3301 idea

143 3318 332 3416 ⁰⁸1¹⁰rddihyeie
348 3365 369 3413 is
384 3365 412 3413 os
427 3381 486 3427 very
496 3368 606 3428 frequent
622 3382 766 3418 occurrence
781 3367 806 3415 in
824 3367 885 3416 later
896 3367 1007 3430 Latinity
1017 3369 1052 3417 lor

147 3442 260 3486 maesse.

172 3485 181 3512 ¹
193 3481 361 3531 ‘Conardioe’
