2274 3844
153 229 210 288 tro
416 243 456 283 ua
479 243 586 284 casura
607 243 793 284 aasxaunar.

150 367 266 407 mecum.
302 351 359 421 Ego
370 351 513 406 tibivitam
525 350 621 420 adimo,
634 368 684 420 ego
702 360 871 406 senectutem
888 361 962 406 tuam
975 354 1057 406 extin-

186 422 218 474 o!
255 419 325 480 Quid
348 421 420 474 enirn
448 439 494 476 me
517 421 673 492 procreabas
698 422 833 476 infelicem
856 421 1058 476 adversantibus

169 491 220 544 iist
243 506 277 542 an
296 499 325 543 ut
342 490 392 544 bos
409 507 443 544 ex
461 507 506 544 me
525 490 626 543 fructus
643 492 802 561 perciperes,
820 491 867 560 qui
886 492 1058 564 tenmauentf

150 560 256 629 Nescio,
269 559 451 614 adolescentie
468 575 530 614 mea
548 560 667 612 miserior
678 558 720 628 sit,
733 577 767 613 an
785 571 911 614 senectus
928 569 990 613 tua:
1009 578 1059 629 ego

150 630 246 698 inipso
258 629 349 684 robore
364 631 460 683 aetatis
478 629 587 698 eripior:
608 629 657 682 tibi
674 629 791 683 carnifex
809 631 932 700 spiritum
950 630 1057 698 adimet,

150 715 231 768 quern
250 699 273 752 si
290 699 394 753 fortuna
411 707 552 769 expectare
570 697 705 768 voluisset,
725 708 817 752 natura
836 701 971 769 poscebat.
1008 699 1059 752 Ad-

150 767 252 822 monuit
270 785 315 822 me
332 768 414 838 patris
437 768 492 822 mei
511 767 617 836 mentio,
637 784 718 836 quam
736 768 829 821 timide
847 778 874 820 et
893 778 1059 838 cunctantur,

150 854 219 908 quae
240 837 383 892 Cebalinus
402 837 533 891 detulerat
552 836 587 889 ad
607 854 660 904 me,
680 838 795 890 indicare
814 837 964 891 debuerim.
1002 839 1061 890 Par·

150 907 238 960 menio
247 907 327 978 enim,
340 925 404 962 curu
417 907 543 973 audisset,
558 923 691 960 venenum
702 925 720 958 a
732 907 863 976 Phillippo
882 908 988 960 medico
1009 909 1062 976 regi

150 977 243 1046 parari,
267 975 401 1030 deterrere
424 994 488 1030 eum
512 976 594 1028 voluit
618 976 729 1044 epistola
759 979 864 1047 scripta,
889 994 943 1047 quo
974 978 1063 1030 minus

150 1045 380 1102 medicamentum
402 1046 514 1116 biberet,
539 1044 609 1114 quod
633 1045 755 1098 medicus
778 1046 840 1098 dare
870 1047 1062 1099 constitueret.¹

150 1116 222 1170 Num
235 1117 367 1170 creditum
379 1124 420 1170 est
432 1116 498 1185 patri
516 1114 597 1167 meol
617 1132 681 1167 num
700 1116 780 1168 ullam
799 1117 985 1170 auctoritatem
1004 1116 1062 1185 ejus

151 1184 253 1238 litterae
265 1185 435 1240 habuerunt?
465 1186 522 1254 Ego
535 1185 598 1254 ipse,
608 1187 729 1252 quotiens
739 1201 808 1253 quae
819 1185 959 1238 audieram
969 1186 1061 1256 detuli,

150 1271 213 1308 curu
236 1254 349 1309 ludibrio
367 1254 531 1309 credulitatis
553 1253 675 1322 repulsus
699 1270 767 1307 sum.
804 1254 830 1308 Si
855 1264 882 1306 et
906 1272 970 1308 cum
995 1256 1062 1309 indi·
1135 1305 1136 1308 ,

150 1340 252 1394 camus,
271 1325 358 1396 invisi,
376 1333 483 1378 etcum
501 1332 629 1391 tacemus,
643 1325 758 1392 suspecti
777 1341 875 1393 sumus,
889 1325 953 1394 quid
973 1324 1063 1378 facere

151 1410 198 1448 uos
214 1395 336 1464 oportet?
372 1395 492 1462 Cumque
510 1409 579 1446 unus
597 1409 612 1443 e
630 1393 859 1448 circumstantium
878 1394 957 1448 turba
974 1396 1063 1448 excla-

150 1471 257 1532 massot,
276 1463 349 1518 Beue
367 1463 469 1516 meritis
487 1479 538 1515 non
556 1461 691 1514 insidiari:
710 1461 834 1532 Philotas,
855 1465 947 1532 Recte,
967 1464 1061 1535 inquit,

150 1533 271 1601 quisquis
294 1550 331 1603 es,
350 1532 426 1585 dicis.
462 1531 554 1601 ltaque
579 1531 601 1582 si
626 1531 765 1584 insidiatus
788 1550 856 1602 sum,
876 1550 991 1602 poenam
1011 1552 1062 1588 non
1135 1577 1136 1580 η

150 1601 285 1671 deprecor,
309 1612 337 1656 et
361 1603 444 1657 finem
473 1601 541 1654 facio
570 1599 685 1664 dicendi,
709 1601 835 1672 quoniam
859 1603 956 1656 ultima
979 1605 1063 1657 verba

149 1673 239 1737 gravia
256 1681 316 1726 sunt
329 1672 386 1725 visa
403 1670 521 1744 auribus.
557 1669 706 1725 Abducitur
723 1670 821 1724 deinde
833 1671 869 1726 ab
882 1673 931 1741 his,
944 1675 991 1742 qui
1004 1691 1063 1726 cus
1135 1697 1136 1752 p

150 1739 368 1797 todiebauteum.
1135 1799 1136 1804 ,

184 1815 227 1864 tr.
246 1812 310 1866 Erat
330 1813 398 1865 inter
416 1811 500 1864 duces
520 1826 601 1863 manu
622 1817 745 1863 strenuus
764 1809 845 1864 Bolon
857 1810 976 1882 quidam,
989 1813 1065 1882 pacis

145 1879 245 1936 vartium
257 1892 284 1936 et
295 1882 383 1936 civilis
394 1881 510 1936 habitus²
522 1879 602 1950 rudis,
616 1889 692 1932 vetus
704 1880 791 1949 miles,
804 1879 840 1934 ab
857 1880 953 1934 humili
971 1881 1063 1936 ordine

148 1947 184 2002 ad
195 1969 259 2006 eum
270 1953 391 2021 gradum,
404 1953 430 2005 iu
448 1967 500 2020 quo
519 1958 581 2002 tuno
600 1957 663 2016 erat,
677 1958 826 2018 promotus:
846 1952 892 2020 qui
913 1953 1065 2010 tacentibus

149 2021 255 2092 ceteris,
268 2022 364 2076 stolida
376 2021 488 2074 audacia
506 2017 588 2088 ferox,
601 2017 745 2071 admonere
764 2036 811 2072 eos
828 2021 924 2091 coepit,
938 2022 1064 2090 quotiens

149 2091 205 2144 suis
215 2093 327 2161 quisque
340 2090 496 2159 diversoriis,
509 2105 578 2156 quae
590 2089 784 2156 occupassent,³
796 2089 966 2158 proturbatus
983 2100 1062 2162 esset,

265 2162 385 2214 amena*
407 2175 544 2214 servorum
573 2156 693 2210 Philotae
722 2158 902 2227 reciperentur
926 2177 968 2229 eo,
993 2161 1063 2224 uude

259 2239 344 2283 rtones
369 2229 523 2299 expulisset.
568 2229 639 2280 Auro
669 2235 831 2306 argentoque
855 2229 982 2282 vehicula
1006 2229 1064 2310 ejus

149 2169 177 2214 ut

149 2245 208 2284 com

149 2309 244 2354 onusta
256 2300 318 2352 totis
328 2299 395 2352 vicis
407 2299 521 2368 stetisse,
534 2314 566 2350 ac
578 2313 612 2350 ne
624 2297 650 2350 in
664 2297 789 2349 rrcinram
800 2297 912 2366 quidem
924 2299 1064 2353 diversorrr

148 2386 312 2439 quemquam
324 2368 534 2422 commilitonem
548 2374 685 2436 receptum
697 2382 766 2435 esse,
779 2366 828 2418 sed
845 2384 893 2437 per
910 2369 1062 2440 dispositos,

149 2456 215 2508 quos
233 2455 317 2508 supra
340 2439 474 2491 somnum⁶
491 2437 616 2504 habehat,
636 2452 731 2488 omnes
753 2434 843 2505 procul
868 2437 1011 2507 relegatos,
1029 2456 1063 2492 ne
1127 2481 1129 2484 .

178 2567 250 2615 ¹⁷l'he
267 2565 366 2626 storyis
382 2563 474 2616 related
491 2565 515 2613 in
531 2565 564 2612 iii.
577 2567 613 2618 14,
627 2563 673 2611 and
690 2563 714 2610 in
729 2562 777 2612 fact
794 2564 818 2612 in
835 2565 887 2613 that
899 2565 1010 2617 instance
1022 2569 1062 2617 the

149 2627 232 2688 king's
242 2623 366 2686 disregard
377 2623 404 2671 of
412 2623 563 2672 Parmenio's
574 2623 727 2672 information
737 2623 757 2670 is
767 2639 825 2684 very
836 2625 980 2687 surprising.
1008 2627 1062 2676 The

148 2686 250 2756 history,
263 2695 312 2741 too,
326 2683 354 2732 of
360 2683 402 2731 the
413 2693 499 2731 events
510 2684 622 2730 between
632 2681 684 2728 that
695 2682 778 2741 period
786 2682 832 2730 and
844 2684 886 2731 the
914 2696 998 2734 resent
1009 2687 1063 2736 trial

148 2745 177 2794 of
189 2745 307 2802 Philotas,
321 2743 364 2792 has
375 2743 503 2802 presented
515 2759 544 2790 us
555 2741 615 2789 with
626 2755 692 2788 more
704 2741 762 2789 than
772 2757 818 2790 one
829 2757 888 2801 proc
913 2744 943 2792 of
956 2746 999 2794 the
1015 2746 1062 2795 fact

148 2805 201 2853 that
213 2802 352 2853 Alexander
363 2816 424 2862 gere
433 2815 492 2861 very
501 2801 563 2849 little
572 2800 662 2860 weight
675 2810 700 2848 to
709 2800 861 2869 l'armenio’s
872 2804 1004 2862 counsels;
1017 2806 1061 2855 and

149 2865 236 2914 indeed
246 2880 284 2912 we
293 2879 336 2911 see
348 2860 495 2921 throughout
507 2861 559 2908 that
570 2861 600 2907 he
611 2859 658 2908 had
669 2875 700 2906 an
710 2860 802 2910 inward
813 2862 925 2911 aversion
937 2872 963 2912 to
973 2864 1032 2914 him.

176 2937 271 3000 '‘Ciyil
288 2937 349 2994 (that
367 2936 396 2993 is,
415 2935 534 3002 polished)
551 2935 682 2992 meuners‚’
702 2950 729 2982 as
745 2934 924 2996 distinguished
941 2938 1006 2990 from
1021 2941 1060 2990 the

149 2997 234 3058 rough,
247 2997 316 3045 blunt
326 3011 394 3057 ways
405 2995 433 3044 of
440 2995 561 3044 asoldrer.
859 3039 861 3044 .

177 3068 265 3118 ’With
275 3071 374 3130 qumque
383 3069 425 3116 the
436 3070 495 3117 verb
506 3068 531 3116 in
541 3066 694 3134 subordinate
705 3065 800 3116 clauses
813 3067 837 3136 is
851 3071 1002 3137 'sometimes
1033 3083 1058 3122 ut

148 3130 173 3179 in
184 3128 226 3177 the
237 3127 322 3187 plural,
334 3128 407 3176 when
422 3127 475 3176 thot
494 3127 519 3176 in
537 3127 579 3175 the
598 3125 693 3186 leodrng
711 3125 793 3175 clause
812 3143 833 3176 rs
849 3143 874 3176 m
885 3130 927 3178 the
944 3089 1032 3192 singul
1052 3167 1058 3181 .

149 3188 197 3237 See
211 3187 290 3234 Grato.
299 3185 316 3236 *i
327 3189 380 3242 242,
393 3197 449 3235 note
462 3190 482 3234 l.

165 3257 185 3322 ὁ·
195 3255 201 3278 ·
210 3249 265 3298 The
280 3247 458 3308 ouscourings:
477 3264 492 3296 a
506 3258 590 3309 strong
605 3247 746 3307 expression
760 3247 796 3298 for
817 3248 867 3298 ther
880 3263 993 3302 meauest
1014 3254 1059 3304 and

146 3307 294 3435 ”1⁸⁰be
280 3369 326 3420 aud
332 3359 404 3431 caper
411 3376 461 3424 (see
468 3371 501 3419 ri.
508 3375 554 3427 26).
566 3370 626 3420 used
634 3369 659 3418 in
667 3368 788 3420 reference
795 3380 821 3421 to
827 3371 924 3424 officer
930 3376 1059 3436 appointed
1074 3409 1076 3420 ι

148 3447 206 3480 orer
223 3429 375 3496 somethicgt
392 3426 513 3496 therefore
530 3431 572 3490 qai
591 3429 829 3494 cameriarum
843 3435 933 3493 hortm,
949 3437 1057 3496 superfla.

148 3487 286 3538 tendentes
297 3487 339 3536 the
349 3485 459 3546 tmpenal
469 3487 581 3546 cardena
