2294 3842
524 229 617 270 urana
636 231 667 270 x.
990 214 1048 273 att

136 336 322 392 Macedonum
345 337 459 408 imperet
487 340 569 408 genti,
593 339 715 394 Roxanes
736 339 781 392 rel
804 339 930 392 Barsinae
960 338 1046 396 lilius!

135 407 217 476 cujus
241 424 339 462 nomen
361 425 466 478 quoque
491 409 625 478 Europam
648 409 737 460 dicere
761 409 868 479 pigebit,
892 408 992 479 majore
1015 425 1050 462 ex

136 483 213 546 parte
237 480 346 546 captivi.
383 479 430 532 Eat
454 495 501 532 cur
524 479 619 531 Persas
639 479 790 543 vicerimus,
810 489 837 530 ut
861 479 935 548 stirpi
958 495 1049 534 eorum

137 548 288 600 serviamus
297 547 315 602 l¹
331 548 404 617 quod
417 549 480 619 justi
495 548 531 599 illi
544 565 621 616 reges
634 549 734 600 Dareus
745 558 772 600 et
784 549 884 600 Xerxes
896 558 933 602 tnt
946 549 1051 602 utilium

136 615 292 684 agminibus
304 620 436 688 tantisque
449 617 579 670 classibus
595 618 773 686 nequicquam
792 619 949 686 petiverunt.
985 619 1051 672 Mea

138 689 272 741 sententia
292 687 360 741 haec
379 697 427 753 est,
448 697 476 740 ut
499 688 564 740 sede
584 687 729 740 Alexandri
754 689 778 740 in
799 687 872 755 regia
892 690 984 757 posita,
1004 687 1051 758 qui

137 757 255 810 masiliis
278 758 337 827 ejus
359 756 561 825 adhibebantur,
587 762 687 826 coeant,
712 756 835 835 quotiens
858 758 883 810 in
908 775 1051 812 commune

137 827 269 880 consulto²
281 845 347 896 opus
360 827 452 879 inerit:
473 843 566 896 eoque,
586 827 654 896 quod
674 845 756 896 major
775 843 835 896 pars
852 843 942 880 eorem
960 828 1051 882 decre·

137 897 213 963 verit,
227 898 330 962 stetur,³
341 897 424 950 duces
438 896 618 965 praefectique
630 897 764 964 copiarum
781 896 823 948 his
875 905 957 948 reant.
993 897 1051 950 Pto·

137 964 246 1018 lemaec
265 967 381 1036 quidam,
404 968 542 1034 pauciores
562 967 705 1018 Perdiccae
725 966 840 1018 essentie
878 975 945 1020 ntur.
981 966 1052 1019 Tum

137 1035 280 1088 Aristonus
292 1053 367 1088 orsus
382 1046 422 1088 est
437 1035 534 1102 dicere,
548 1035 729 1088 Alexandrum
745 1034 904 1105 consultum,
918 1035 962 1088 cui
975 1035 1051 1088 reliu-

137 1115 233 1174 queret
246 1123 365 1173 regnum,
379 1105 494 1157 voluisse
511 1105 643 1174 optimum
661 1105 751 1173 deligi.
786 1104 940 1158 Judicatum
959 1113 1052 1158 autem

135 1174 173 1226 ab
186 1174 244 1243 ipso
256 1177 384 1244 optimum
399 1175 560 1242 Perdiccam,
574 1175 615 1226 cui
634 1174 744 1228 anulum
761 1174 919 1227 tradidisset.
957 1175 1052 1243 Neque

137 1245 212 1296 enirn
237 1261 319 1296 uuum
343 1261 403 1297 eum
428 1244 561 1296 assedisse
586 1244 715 1314 morienti,
740 1243 788 1297 sed
818 1243 1052 1297 circumferentem

137 1314 231 1366 oeulos
249 1331 284 1366 ex
301 1315 377 1367 turba
394 1314 539 1366 amicorum
560 1311 701 1381 delegisse,
720 1315 763 1366 cui
785 1313 906 1366 traderet.
943 1312 1052 1366 Placere

138 1384 225 1450 igitur,
240 1401 374 1438 summam
393 1383 497 1452 imperii
514 1383 547 1435 ad
566 1384 720 1436 Perdiccam
736 1383 842 1436 deterri.
877 1385 937 1436 Nec
949 1382 1052 1436 dubita·

137 1470 210 1521 vere,
223 1454 286 1522 quin
302 1471 364 1506 vera
376 1461 507 1506 censeret.
543 1454 636 1522 Itaque
655 1453 771 1506 universi
789 1452 931 1522 procedere
951 1453 977 1504 in
996 1469 1052 1506 me·

137 1521 214 1575 diurn
228 1523 384 1576 Perdiccam
396 1533 423 1574 et
436 1524 505 1590 regis
517 1521 627 1575 anulum
640 1524 731 1576 tollere
744 1522 882 1593 jubebant.
919 1522 1053 1576 Haerebat

137 1592 207 1643 inter
218 1594 394 1661 cupiditatem
408 1592 596 1661 pudoremque,
610 1601 638 1644 et
650 1609 702 1662 quo
714 1594 862 1646 modestius
874 1593 944 1662 quod
957 1609 1053 1662 expec-

137 1661 214 1713 tabat
225 1672 371 1731 appeteret,
385 1662 549 1731 pervicacius
561 1661 695 1715 ablaturos
706 1680 766 1715 esse
779 1662 925 1716 credabat.⁴
960 1663 1053 1732 ltaque

137 1741 286 1800 cunctatus,
305 1732 404 1802 diuque
425 1731 488 1800 quid
508 1740 598 1799 ageret
620 1731 743 1799 incertus,
762 1732 797 1784 ad
817 1731 941 1786 ultimum
961 1741 1052 1785 tamen

138 1801 258 1867 recessit,
273 1811 299 1854 et
312 1811 369 1870 post
382 1816 435 1868 eos,
449 1800 495 1870 qui
508 1800 631 1853 sederant
643 1801 763 1870 proximi,
777 1802 902 1854 constitit.

175 1874 217 1922 21.
237 1875 272 1924 At
284 1871 430 1939 Meleager,
445 1885 513 1922 unus
525 1887 540 1922 e
553 1865 673 1936 ducibus,
687 1871 840 1924 confirmato
857 1870 954 1938 animo,
971 1887 1054 1938 quem

139 1940 284 1992 Perdiccae
297 1941 428 1994 cunctatio
441 1948 568 2008 erexerat,
582 1941 640 1994 Nec
652 1941 688 1992 dii
702 1941 813 2006 sierint,⁶
825 1940 917 2008 inquit,
932 1947 960 1994 ut
973 1939 1053 1992 Alex·

137 2009 215 2062 andri
230 2009 331 2063 lortuna
344 2011 461 2078 tantique
474 2009 547 2078 regui
560 2009 694 2077 fastigium
712 2010 739 2062 iu
757 2009 819 2062 istos
832 2008 964 2076 humeros,
979 2017 1051 2062 ruat:

139 2077 264 2132 homines
275 2089 348 2132 certe
360 2096 411 2132 non
424 2079 518 2131 ierant.
554 2079 629 2131 Nihil
647 2079 706 2132 dico
723 2078 758 2131 de
776 2077 957 2131 nobilioribus⁶
971 2093 1053 2148 quarn

139 2148 185 2202 hic
197 2159 246 2218 est,
261 2150 307 2202 scd
326 2150 360 2202 de
373 2150 436 2202 viris
454 2156 564 2215 tanturn,
583 2147 680 2217 quibus
698 2148 787 2201 inritis
804 2147 870 2201 nihil
887 2149 990 2218 perpeti
1007 2163 1052 2200 ne·

138 2235 217 2270 cesse
237 2223 307 2271 est.⁷·
331 2221 390 2272 Nec
410 2235 473 2270 vero
496 2217 612 2286 interest,
634 2219 755 2272 Roxanes
778 2218 872 2285 lilium,
893 2217 1053 2286 quandoque

138 2289 248 2356 genitus
267 2290 324 2356 erit,
345 2305 380 2341 an
404 2286 557 2341 Perdiccam
583 2304 673 2354 regem
694 2287 824 2357 habeatis,
845 2304 906 2340 curn
932 2288 982 2339 iste
1003 2286 1054 2340 sub

138 2359 240 2410 tutelae
259 2360 349 2426 specie
368 2373 477 2426 regnum
496 2365 671 2424 occupaturus
688 2358 730 2410 sit.
766 2358 859 2427 Itaque
877 2373 956 2410 nemo
969 2356 993 2409 ei
1007 2373 1054 2410 rex

138 2427 237 2496 placet,
250 2429 300 2480 nisi
313 2428 357 2496 qui
370 2426 486 2479 nondum
500 2434 636 2495 natusest,
650 2436 677 2481 et
689 2427 716 2480 in
728 2436 800 2481 tanta
812 2428 932 2480 omnium
947 2427 1053 2480 lestiua·

140 2521 284 2530 ---------..-

170 2566 177 2588 ¹
189 2559 308 2610 Ironicalt
326 2561 358 2606 ‘A
370 2558 417 2607 line
429 2573 515 2606 reason
525 2557 561 2606 sor
572 2574 616 2607 cur
626 2559 716 2620 haring
726 2558 863 2619 conquered
874 2559 915 2606 the
928 2559 1051 2615 Persicus,

139 2630 167 2668 to
177 2621 278 2667 become
290 2619 331 2667 the
342 2619 450 2678 subjecte
462 2617 489 2665 os
500 2633 546 2667 one
558 2617 585 2665 ol
596 2618 659 2666 their
669 2617 829 2667 descendants
838 2619 854 2665 l'
887 2619 934 2666 See
952 2617 1050 2677 Zumpt,

139 2679 238 2785 §26S2ee
252 2737 330 2805 Grom.
343 2736 416 2804 l⁴l⁰5=
430 2745 486 2783 note
498 2739 520 2784 5.

168 2795 239 2844 ³For
249 2796 297 2844 tlus
309 2811 412 2855 passive,
426 2811 467 2842 see
481 2795 561 2842 Gram.
574 2793 648 2846 ll2d.

169 2855 245 2904 ‘The
257 2855 358 2916 thought
370 2853 422 2901 that
434 2853 475 2900 the
487 2869 552 2901 more
564 2853 726 2913 modestlyhe
742 2863 823 2901 strove
836 2851 896 2901 aiter
906 2852 959 2901 that
970 2852 1051 2902 which

138 2918 172 2966 he
188 2913 307 2974 expected
323 2913 412 2969 (which
426 2929 477 2960 was
491 2922 517 2959 to
532 2913 563 2960 be
579 2911 669 2959 offered
685 2921 710 2959 to
727 2911 794 2968 him),
807 2911 849 2959 the
860 2927 926 2960 more
937 2912 1051 2973 urgently

140 2973 223 3023 would
239 2974 298 3033 they
308 2989 376 3032 press
391 2973 409 3020 it
421 2987 484 3031 upon
496 2971 553 3040 him.
585 2970 623 3018 He
640 2971 733 3019 alludes
750 2980 774 3019 tc
792 2970 833 3018 the
850 2971 935 3032 kingly
946 2971 1022 3040 dignit
1042 3007 1048 3029 ,

139 3034 223 3084 which
239 3033 367 3082 Perdiccas
378 3047 429 3080 wes
445 3031 545 3092 longrng
559 3030 604 3086 for,
619 3030 712 3092 though
728 3030 759 3078 hc
770 3030 867 3079 wanted
882 3040 908 3079 to
923 3030 993 3080 avoid
1036 3047 1050 3080 e

139 3108 303 3200 appqarqqsclq,
323 3149 398 3210 ‘May
408 3149 451 3198 the
462 3149 522 3210 gods
533 3157 574 3196 not
585 3148 698 3208 permiti·

168 3229 179 3254 ⁸
190 3223 307 3283 Namely,
320 3222 389 3272 those
400 3221 428 3270 cf
437 3221 571 3269 Perdiccas.
591 3219 646 3270 The
657 3222 797 3282 expression
808 3221 904 3283 implies
914 3221 1050 3271 somewhat

138 3281 169 3334 oi
180 3291 312 3342 contempt.
344 3281 390 3330 See
402 3279 501 3340 Zumpt,
514 3280 589 3332 llol.

168 3363 177 3388 ¹
190 3359 273 3408 ⁴·th
288 3369 327 3406 crs
343 3365 385 3406 not
401 3355 477 3404 under
487 3354 528 3404 the
539 3355 661 3418 necescity
671 3355 700 3406 oi
711 3358 807 3420 putting
816 3373 849 3420 up
859 3355 920 3408 with
930 3356 1049 3422 scythiae

100 3445 105 3461 .
138 3414 476 3479 thetiadcueagainuttheit
485 3413 553 3464 witt’
