<?xml version="1.0" encoding="UTF-8"?>
<!DOCTYPE html PUBLIC "-//W3C//DTD XHTML 1.0 Transitional//EN"
    "http://www.w3.org/TR/xhtml1/DTD/xhtml1-transitional.dtd">
<html xmlns="http://www.w3.org/1999/xhtml" xml:lang="en" lang="en">
 <head>
  <title>
</title>
<meta http-equiv="Content-Type" content="text/html;charset=utf-8" />
  <meta name='ocr-system' content='tesseract 3.04.00' />
  <meta name='ocr-capabilities' content='ocr_page ocr_carea ocr_par ocr_line ocrx_word'/>
</head>
<body>
  <div class='ocr_page' id='page_1' title='image "./qcurtiirufidege02rufugoog_0319.png"; bbox 0 0 2294 3842; ppageno 0'>
   <div class='ocr_carea' id='block_1_1' title="bbox 482 225 1009 284">
    <p class='ocr_par' dir='ltr' id='par_1_1' title="bbox 482 225 1009 284">
     <span class='ocr_line' id='line_1_1' title="bbox 482 225 1009 284; baseline -0.004 -2"><span class='ocrx_word' id='word_1_1' title='bbox 482 239 575 282; x_wconf 79' lang='lat' dir='ltr'><strong>urana</strong></span> <span class='ocrx_word' id='word_1_2' title='bbox 594 241 625 284; x_wconf 82' lang='lat' dir='ltr'><strong>x.</strong></span> <span class='ocrx_word' id='word_1_3' title='bbox 951 225 1009 281; x_wconf 77' lang='grc'><strong>309</strong></span> 
     </span>
    </p>
   </div>
   <div class='ocr_carea' id='block_1_2' title="bbox 45 349 1046 3488">
    <p class='ocr_par' dir='ltr' id='par_1_2' title="bbox 96 349 1046 2233">
     <span class='ocr_line' id='line_1_2' title="bbox 98 349 1009 419; baseline -0.001 -15"><span class='ocrx_word' id='word_1_4' title='bbox 98 356 211 419; x_wconf 87' lang='lat' dir='ltr'><strong>quotiens</strong></span> <span class='ocrx_word' id='word_1_5' title='bbox 222 353 274 404; x_wconf 91' lang='lat' dir='ltr'><strong>ludi</strong></span> <span class='ocrx_word' id='word_1_6' title='bbox 286 361 357 416; x_wconf 89' lang='lat' dir='ltr'><strong>atque</strong></span> <span class='ocrx_word' id='word_1_7' title='bbox 369 351 507 402; x_wconf 86' lang='lat' dir='ltr'><strong>certamina</strong></span> <span class='ocrx_word' id='word_1_8' title='bbox 518 353 654 412; x_wconf 80' lang='lat' dir='ltr'>ederentur,</span> <span class='ocrx_word' id='word_1_9' title='bbox 665 353 690 402; x_wconf 91' lang='lat' dir='ltr'><strong>in</strong></span> <span class='ocrx_word' id='word_1_10' title='bbox 702 349 789 414; x_wconf 87' lang='lat' dir='ltr'><strong>primis</strong></span> <span class='ocrx_word' id='word_1_11' title='bbox 805 354 929 403; x_wconf 77' lang='lat' dir='ltr'>ordinibus</span> <span class='ocrx_word' id='word_1_12' title='bbox 946 371 1009 404; x_wconf 88' lang='lat' dir='ltr'><strong>coro·</strong></span> 
     </span>
     <span class='ocr_line' id='line_1_3' title="bbox 99 419 1010 482; baseline -0.001 -13"><span class='ocrx_word' id='word_1_13' title='bbox 99 421 152 469; x_wconf 90' lang='lat' dir='ltr'><strong>nati</strong></span> <span class='ocrx_word' id='word_1_14' title='bbox 165 426 317 482; x_wconf 85' lang='lat' dir='ltr'><strong>spectarent;</strong></span> <span class='ocrx_word' id='word_1_15' title='bbox 334 425 405 481; x_wconf 88' lang='lat' dir='ltr'><strong>utque</strong></span> <span class='ocrx_word' id='word_1_16' title='bbox 424 419 473 466; x_wconf 87' lang='lat' dir='ltr'><strong>fato</strong></span> <span class='ocrx_word' id='word_1_17' title='bbox 490 419 627 468; x_wconf 79' lang='lat' dir='ltr'><strong>firnctomm</strong></span> <span class='ocrx_word' id='word_1_18' title='bbox 639 419 710 467; x_wconf 91' lang='lat' dir='ltr'><strong>liberi</strong></span> <span class='ocrx_word' id='word_1_19' title='bbox 722 419 859 479; x_wconf 79' lang='lat' dir='ltr'><strong>impuberes</strong></span> <span class='ocrx_word' id='word_1_20' title='bbox 871 420 897 467; x_wconf 91' lang='lat' dir='ltr'><strong>in</strong></span> <span class='ocrx_word' id='word_1_21' title='bbox 910 428 1010 482; x_wconf 87' lang='lat' dir='ltr'><strong>paterna</strong></span> 
     </span>
     <span class='ocr_line' id='line_1_4' title="bbox 99 484 1010 549; baseline 0 -15"><span class='ocrx_word' id='word_1_22' title='bbox 99 487 222 549; x_wconf 90' lang='lat' dir='ltr'><strong>stipendia</strong></span> <span class='ocrx_word' id='word_1_23' title='bbox 234 486 398 534; x_wconf 83' lang='lat' dir='ltr'><strong>succederent.</strong></span> <span class='ocrx_word' id='word_1_24' title='bbox 431 485 558 532; x_wconf 79' lang='lat' dir='ltr'><strong>Craterum</strong></span> <span class='ocrx_word' id='word_1_25' title='bbox 568 484 728 534; x_wconf 80' lang='lat' dir='ltr'>Macedoniae</span> <span class='ocrx_word' id='word_1_26' title='bbox 739 485 965 548; x_wconf 76' lang='lat' dir='ltr'><strong>continentibusque</strong></span> <span class='ocrx_word' id='word_1_27' title='bbox 975 503 1010 534; x_wconf 89' lang='lat' dir='ltr'><strong>re-</strong></span> 
     </span>
     <span class='ocr_line' id='line_1_5' title="bbox 98 550 1011 618; baseline 0 -18"><span class='ocrx_word' id='word_1_28' title='bbox 98 551 214 618; x_wconf 86' lang='lat' dir='ltr'><strong>gionibus</strong></span> <span class='ocrx_word' id='word_1_29' title='bbox 222 567 278 600; x_wconf 88' lang='lat' dir='ltr'><strong>cum</strong></span> <span class='ocrx_word' id='word_1_30' title='bbox 286 550 388 612; x_wconf 90' lang='lat' dir='ltr'><strong>imperio</strong></span> <span class='ocrx_word' id='word_1_31' title='bbox 395 566 506 612; x_wconf 88' lang='lat' dir='ltr'><strong>praeesse</strong></span> <span class='ocrx_word' id='word_1_32' title='bbox 514 550 612 611; x_wconf 89' lang='lat' dir='ltr'><strong>placuit,</strong></span> <span class='ocrx_word' id='word_1_33' title='bbox 619 550 773 612; x_wconf 75' lang='lat' dir='ltr'><strong>Antipatrum</strong></span> <span class='ocrx_word' id='word_1_34' title='bbox 783 567 837 598; x_wconf 86' lang='lat' dir='ltr'><strong>curn</strong></span> <span class='ocrx_word' id='word_1_35' title='bbox 845 552 1011 612; x_wconf 88' lang='lat' dir='ltr'><strong>supplemento</strong></span> 
     </span>
     <span class='ocr_line' id='line_1_6' title="bbox 96 615 1011 682; baseline 0 -16"><span class='ocrx_word' id='word_1_36' title='bbox 96 617 220 682; x_wconf 89' lang='lat' dir='ltr'><strong>juniorum</strong></span> <span class='ocrx_word' id='word_1_37' title='bbox 235 617 399 665; x_wconf 86' lang='lat' dir='ltr'><strong>Macedonum</strong></span> <span class='ocrx_word' id='word_1_38' title='bbox 411 616 442 663; x_wconf 91' lang='lat' dir='ltr'><strong>ad</strong></span> <span class='ocrx_word' id='word_1_39' title='bbox 455 631 539 678; x_wconf 89' lang='lat' dir='ltr'><strong>regem</strong></span> <span class='ocrx_word' id='word_1_40' title='bbox 552 631 661 680; x_wconf 89' lang='lat' dir='ltr'><strong>pergere.</strong></span> <span class='ocrx_word' id='word_1_41' title='bbox 695 615 829 664; x_wconf 78' lang='lat' dir='ltr'><strong>Verebatur</strong></span> <span class='ocrx_word' id='word_1_42' title='bbox 842 615 917 674; x_wconf 91' lang='lat' dir='ltr'><strong>enim,</strong></span> <span class='ocrx_word' id='word_1_43' title='bbox 928 634 959 664; x_wconf 92' lang='lat' dir='ltr'><strong>ne</strong></span> <span class='ocrx_word' id='word_1_44' title='bbox 971 633 1011 679; x_wconf 90' lang='lat' dir='ltr'><strong>per</strong></span> 
     </span>
     <span class='ocr_line' id='line_1_7' title="bbox 99 679 1012 746; baseline 0 -16"><span class='ocrx_word' id='word_1_45' title='bbox 99 683 249 732; x_wconf 86' lang='lat' dir='ltr'><strong>discordiam</strong></span> <span class='ocrx_word' id='word_1_46' title='bbox 261 682 377 745; x_wconf 83' lang='lat' dir='ltr'><strong>praefecti</strong></span> <span class='ocrx_word' id='word_1_47' title='bbox 386 697 442 728; x_wconf 91' lang='lat' dir='ltr'><strong>cum</strong></span> <span class='ocrx_word' id='word_1_48' title='bbox 454 679 600 743; x_wconf 88' lang='lat' dir='ltr'><strong>Olympiade</strong></span> <span class='ocrx_word' id='word_1_49' title='bbox 612 681 692 746; x_wconf 87' lang='lat' dir='ltr'><strong>gravis</strong></span> <span class='ocrx_word' id='word_1_50' title='bbox 705 681 785 744; x_wconf 88' lang='lat' dir='ltr'><strong>aliqua</strong></span> <span class='ocrx_word' id='word_1_51' title='bbox 798 683 879 729; x_wconf 87' lang='lat' dir='ltr'><strong>clades</strong></span> <span class='ocrx_word' id='word_1_52' title='bbox 892 683 1012 745; x_wconf 89' lang='lat' dir='ltr'><strong>accipere-</strong></span> 
     </span>
     <span class='ocr_line' id='line_1_8' title="bbox 100 747 1012 810; baseline -0.001 -14"><span class='ocrx_word' id='word_1_53' title='bbox 100 755 146 796; x_wconf 90' lang='lat' dir='ltr'><strong>tur.</strong></span> <span class='ocrx_word' id='word_1_54' title='bbox 173 747 239 796; x_wconf 91' lang='lat' dir='ltr'><strong>Nam</strong></span> <span class='ocrx_word' id='word_1_55' title='bbox 252 748 341 796; x_wconf 91' lang='lat' dir='ltr'><strong>multas</strong></span> <span class='ocrx_word' id='word_1_56' title='bbox 354 748 383 795; x_wconf 91' lang='lat' dir='ltr'><strong>ad</strong></span> <span class='ocrx_word' id='word_1_57' title='bbox 394 747 559 794; x_wconf 82' lang='lat' dir='ltr'><strong>Alexandrum</strong></span> <span class='ocrx_word' id='word_1_58' title='bbox 570 748 684 808; x_wconf 89' lang='lat' dir='ltr'><strong>epistolas</strong></span> <span class='ocrx_word' id='word_1_59' title='bbox 692 747 874 804; x_wconf 90' lang='lat' dir='ltr'><strong>mater,multas</strong></span> <span class='ocrx_word' id='word_1_60' title='bbox 884 747 1012 810; x_wconf 79' lang='lat' dir='ltr'><strong>Antipater</strong></span> 
     </span>
     <span class='ocr_line' id='line_1_9' title="bbox 99 812 1012 876; baseline 0 -14"><span class='ocrx_word' id='word_1_61' title='bbox 99 814 210 872; x_wconf 75' lang='lat' dir='ltr'><strong>miserat,</strong></span> <span class='ocrx_word' id='word_1_62' title='bbox 222 813 377 874; x_wconf 82' lang='lat' dir='ltr'><strong>vicissimque</strong></span> <span class='ocrx_word' id='word_1_63' title='bbox 395 813 456 859; x_wconf 86' lang='lat' dir='ltr'><strong>altor</strong></span> <span class='ocrx_word' id='word_1_64' title='bbox 473 812 577 859; x_wconf 88' lang='lat' dir='ltr'><strong>alterurn</strong></span> <span class='ocrx_word' id='word_1_65' title='bbox 595 817 736 876; x_wconf 81' lang='lat' dir='ltr'><strong>arroganter</strong></span> <span class='ocrx_word' id='word_1_66' title='bbox 753 818 778 860; x_wconf 90' lang='lat' dir='ltr'><strong>et</strong></span> <span class='ocrx_word' id='word_1_67' title='bbox 795 813 881 860; x_wconf 88' lang='lat' dir='ltr'><strong>acerbe</strong></span> <span class='ocrx_word' id='word_1_68' title='bbox 899 812 1012 874; x_wconf 82' lang='lat' dir='ltr'><strong>pleraque</strong></span> 
     </span>
     <span class='ocr_line' id='line_1_10' title="bbox 100 878 1011 941; baseline 0.001 -15"><span class='ocrx_word' id='word_1_69' title='bbox 100 880 181 927; x_wconf 86' lang='lat' dir='ltr'><strong>facere</strong></span> <span class='ocrx_word' id='word_1_70' title='bbox 201 879 403 936; x_wconf 83' lang='lat' dir='ltr'><strong>criminabantur,</strong></span> <span class='ocrx_word' id='word_1_71' title='bbox 421 893 482 940; x_wconf 90' lang='lat' dir='ltr'><strong>quae</strong></span> <span class='ocrx_word' id='word_1_72' title='bbox 502 878 533 924; x_wconf 93' lang='lat' dir='ltr'><strong>ad</strong></span> <span class='ocrx_word' id='word_1_73' title='bbox 552 878 656 924; x_wconf 88' lang='lat' dir='ltr'><strong>dedecus</strong></span> <span class='ocrx_word' id='word_1_74' title='bbox 676 883 718 925; x_wconf 90' lang='lat' dir='ltr'><strong>aut</strong></span> <span class='ocrx_word' id='word_1_75' title='bbox 736 878 908 926; x_wconf 86' lang='lat' dir='ltr'><strong>detrimentum</strong></span> <span class='ocrx_word' id='word_1_76' title='bbox 929 879 1011 941; x_wconf 89' lang='lat' dir='ltr'><strong>regiae</strong></span> 
     </span>
     <span class='ocr_line' id='line_1_11' title="bbox 100 942 1010 1009; baseline -0.002 -17"><span class='ocrx_word' id='word_1_77' title='bbox 100 945 239 1009; x_wconf 88' lang='lat' dir='ltr'><strong>majestatis</strong></span> <span class='ocrx_word' id='word_1_78' title='bbox 252 943 405 1006; x_wconf 87' lang='lat' dir='ltr'><strong>pertinerent.</strong></span> <span class='ocrx_word' id='word_1_79' title='bbox 439 943 570 1004; x_wconf 88' lang='lat' dir='ltr'><strong>Postquam</strong></span> <span class='ocrx_word' id='word_1_80' title='bbox 583 942 650 990; x_wconf 91' lang='lat' dir='ltr'><strong>enim</strong></span> <span class='ocrx_word' id='word_1_81' title='bbox 662 959 744 991; x_wconf 90' lang='lat' dir='ltr'><strong>rumor</strong></span> <span class='ocrx_word' id='word_1_82' title='bbox 757 943 830 991; x_wconf 88' lang='lat' dir='ltr'><strong>occisi</strong></span> <span class='ocrx_word' id='word_1_83' title='bbox 842 943 908 1006; x_wconf 89' lang='lat' dir='ltr'><strong>regis</strong></span> <span class='ocrx_word' id='word_1_84' title='bbox 920 949 1010 990; x_wconf 88' lang='lat' dir='ltr'><strong>temere</strong></span> 
     </span>
     <span class='ocr_line' id='line_1_12' title="bbox 100 1008 1013 1074; baseline -0.003 -16"><span class='ocrx_word' id='word_1_85' title='bbox 100 1011 216 1074; x_wconf 86' lang='lat' dir='ltr'><strong>vulgatus</strong></span> <span class='ocrx_word' id='word_1_86' title='bbox 228 1010 254 1057; x_wconf 90' lang='lat' dir='ltr'><strong>iu</strong></span> <span class='ocrx_word' id='word_1_87' title='bbox 267 1009 438 1057; x_wconf 87' lang='lat' dir='ltr'><strong>Macedoniam</strong></span> <span class='ocrx_word' id='word_1_88' title='bbox 457 1008 638 1069; x_wconf 87' lang='lat' dir='ltr'><strong>penetravisset,</strong></span> <span class='ocrx_word' id='word_1_89' title='bbox 650 1015 728 1068; x_wconf 86' lang='lat' dir='ltr'><strong>mater</strong></span> <span class='ocrx_word' id='word_1_90' title='bbox 749 1011 799 1074; x_wconf 87' lang='lat' dir='ltr'><strong>ejus</strong></span> <span class='ocrx_word' id='word_1_91' title='bbox 817 1023 929 1070; x_wconf 86' lang='lat' dir='ltr'><strong>sororque</strong></span> <span class='ocrx_word' id='word_1_92' title='bbox 946 1009 1013 1055; x_wconf 84' lang='lat' dir='ltr'><strong>(leo-</strong></span> 
     </span>
     <span class='ocr_line' id='line_1_13' title="bbox 100 1073 1013 1138; baseline -0.002 -16"><span class='ocrx_word' id='word_1_93' title='bbox 100 1082 173 1138; x_wconf 89' lang='lat' dir='ltr'><strong>patra</strong></span> <span class='ocrx_word' id='word_1_94' title='bbox 194 1075 357 1126; x_wconf 86' lang='lat' dir='ltr'><strong>tumultuatae</strong></span> <span class='ocrx_word' id='word_1_95' title='bbox 381 1074 485 1130; x_wconf 87' lang='lat' dir='ltr'><strong>fuerant,</strong></span> <span class='ocrx_word' id='word_1_96' title='bbox 502 1079 527 1120; x_wconf 91' lang='lat' dir='ltr'><strong>et</strong></span> <span class='ocrx_word' id='word_1_97' title='bbox 549 1073 611 1121; x_wconf 90' lang='lat' dir='ltr'><strong>haec</strong></span> <span class='ocrx_word' id='word_1_98' title='bbox 633 1074 730 1136; x_wconf 91' lang='lat' dir='ltr'><strong>quidem</strong></span> <span class='ocrx_word' id='word_1_99' title='bbox 751 1080 878 1136; x_wconf 88' lang='lat' dir='ltr'><strong>paternum</strong></span> <span class='ocrx_word' id='word_1_100' title='bbox 902 1089 1013 1137; x_wconf 85' lang='lat' dir='ltr'><strong>regnum,</strong></span> 
     </span>
     <span class='ocr_line' id='line_1_14' title="bbox 98 1137 1014 1204; baseline -0.003 -16"><span class='ocrx_word' id='word_1_101' title='bbox 98 1141 233 1204; x_wconf 88' lang='lat' dir='ltr'><strong>Olympias</strong></span> <span class='ocrx_word' id='word_1_102' title='bbox 245 1139 348 1202; x_wconf 86' lang='lat' dir='ltr'><strong>Epirum</strong></span> <span class='ocrx_word' id='word_1_103' title='bbox 360 1139 489 1186; x_wconf 87' lang='lat' dir='ltr'><strong>invaserat.</strong></span> <span class='ocrx_word' id='word_1_104' title='bbox 523 1137 594 1186; x_wconf 84' lang='lat' dir='ltr'><strong>Forte</strong></span> <span class='ocrx_word' id='word_1_105' title='bbox 603 1140 661 1186; x_wconf 93' lang='lat' dir='ltr'><strong>dum</strong></span> <span class='ocrx_word' id='word_1_106' title='bbox 673 1140 792 1202; x_wconf 76' lang='lat' dir='ltr'><strong>eJusmodi</strong></span> <span class='ocrx_word' id='word_1_107' title='bbox 804 1139 899 1187; x_wconf 85' lang='lat' dir='ltr'><strong>litterae</strong></span> <span class='ocrx_word' id='word_1_108' title='bbox 911 1139 1014 1186; x_wconf 89' lang='lat' dir='ltr'><strong>reddun-</strong></span> 
     </span>
     <span class='ocr_line' id='line_1_15' title="bbox 99 1204 1013 1268; baseline -0.005 -13"><span class='ocrx_word' id='word_1_109' title='bbox 99 1209 146 1264; x_wconf 86' lang='lat' dir='ltr'><strong>fur,</strong></span> <span class='ocrx_word' id='word_1_110' title='bbox 154 1205 332 1268; x_wconf 85' lang='lat' dir='ltr'><strong>Hephaestion,</strong></span> <span class='ocrx_word' id='word_1_111' title='bbox 341 1209 450 1250; x_wconf 88' lang='lat' dir='ltr'><strong>assuetus</strong></span> <span class='ocrx_word' id='word_1_112' title='bbox 460 1205 570 1252; x_wconf 92' lang='lat' dir='ltr'><strong>omnium</strong></span> <span class='ocrx_word' id='word_1_113' title='bbox 581 1219 725 1251; x_wconf 89' lang='lat' dir='ltr'><strong>arcanorum</strong></span> <span class='ocrx_word' id='word_1_114' title='bbox 733 1221 758 1252; x_wconf 89' lang='lat' dir='ltr'><strong>se</strong></span> <span class='ocrx_word' id='word_1_115' title='bbox 768 1205 912 1266; x_wconf 88' lang='lat' dir='ltr'><strong>participem</strong></span> <span class='ocrx_word' id='word_1_116' title='bbox 922 1204 1013 1261; x_wconf 86' lang='lat' dir='ltr'><strong>haberi,</strong></span> 
     </span>
     <span class='ocr_line' id='line_1_16' title="bbox 98 1268 1013 1335; baseline -0.005 -14"><span class='ocrx_word' id='word_1_117' title='bbox 98 1273 242 1335; x_wconf 85' lang='lat' dir='ltr'><strong>resignatas</strong></span> <span class='ocrx_word' id='word_1_118' title='bbox 255 1271 285 1316; x_wconf 89' lang='lat' dir='ltr'><strong>ab</strong></span> <span class='ocrx_word' id='word_1_119' title='bbox 297 1269 436 1316; x_wconf 78' lang='lat' dir='ltr'><strong>Alexandro</strong></span> <span class='ocrx_word' id='word_1_120' title='bbox 449 1269 522 1316; x_wconf 89' lang='lat' dir='ltr'><strong>simul</strong></span> <span class='ocrx_word' id='word_1_121' title='bbox 534 1269 685 1330; x_wconf 85' lang='lat' dir='ltr'><strong>inspiciebat.</strong></span> <span class='ocrx_word' id='word_1_122' title='bbox 718 1268 803 1332; x_wconf 89' lang='lat' dir='ltr'><strong>Neque</strong></span> <span class='ocrx_word' id='word_1_123' title='bbox 812 1269 888 1318; x_wconf 89' lang='lat' dir='ltr'><strong>vetuit</strong></span> <span class='ocrx_word' id='word_1_124' title='bbox 896 1285 951 1316; x_wconf 90' lang='lat' dir='ltr'><strong>eum</strong></span> <span class='ocrx_word' id='word_1_125' title='bbox 964 1286 1013 1327; x_wconf 85' lang='lat' dir='ltr'><strong>rex,</strong></span> 
     </span>
     <span class='ocr_line' id='line_1_17' title="bbox 98 1333 1014 1398; baseline -0.002 -14"><span class='ocrx_word' id='word_1_126' title='bbox 98 1339 142 1384; x_wconf 87' lang='lat' dir='ltr'><strong>sed</strong></span> <span class='ocrx_word' id='word_1_127' title='bbox 163 1338 302 1383; x_wconf 88' lang='lat' dir='ltr'><strong>detractum</strong></span> <span class='ocrx_word' id='word_1_128' title='bbox 320 1334 398 1398; x_wconf 82' lang='lat' dir='ltr'><strong>digito</strong></span> <span class='ocrx_word' id='word_1_129' title='bbox 415 1334 515 1382; x_wconf 84' lang='lat' dir='ltr'><strong>anulum</strong></span> <span class='ocrx_word' id='word_1_130' title='bbox 534 1333 569 1380; x_wconf 89' lang='lat' dir='ltr'><strong>ari</strong></span> <span class='ocrx_word' id='word_1_131' title='bbox 587 1333 690 1397; x_wconf 85' lang='lat' dir='ltr'><strong>legentis</strong></span> <span class='ocrx_word' id='word_1_132' title='bbox 711 1336 825 1394; x_wconf 89' lang='lat' dir='ltr'><strong>admovit,</strong></span> <span class='ocrx_word' id='word_1_133' title='bbox 842 1335 905 1383; x_wconf 89' lang='lat' dir='ltr'><strong>nihil</strong></span> <span class='ocrx_word' id='word_1_134' title='bbox 923 1351 1014 1392; x_wconf 87' lang='lat' dir='ltr'><strong>eorum,</strong></span> 
     </span>
     <span class='ocr_line' id='line_1_18' title="bbox 97 1398 1014 1465; baseline 0 -17"><span class='ocrx_word' id='word_1_135' title='bbox 97 1418 161 1464; x_wconf 85' lang='lat' dir='ltr'><strong>quae</strong></span> <span class='ocrx_word' id='word_1_136' title='bbox 176 1400 312 1462; x_wconf 87' lang='lat' dir='ltr'><strong>perscripta</strong></span> <span class='ocrx_word' id='word_1_137' title='bbox 323 1405 410 1457; x_wconf 86' lang='lat' dir='ltr'><strong>essent,</strong></span> <span class='ocrx_word' id='word_1_138' title='bbox 421 1399 448 1465; x_wconf 84' lang='lat' dir='ltr'><strong>in</strong></span> <span class='ocrx_word' id='word_1_139' title='bbox 461 1399 521 1446; x_wconf 87' lang='lat' dir='ltr'><strong>alios</strong></span> <span class='ocrx_word' id='word_1_140' title='bbox 532 1398 682 1446; x_wconf 86' lang='lat' dir='ltr'><strong>efferendum</strong></span> <span class='ocrx_word' id='word_1_141' title='bbox 700 1399 852 1464; x_wconf 88' lang='lat' dir='ltr'><strong>significans.</strong></span> <span class='ocrx_word' id='word_1_142' title='bbox 885 1401 1014 1448; x_wconf 81' lang='lat' dir='ltr'><strong>Incusasse</strong></span> 
     </span>
     <span class='ocr_line' id='line_1_19' title="bbox 98 1464 1022 1526; baseline -0.004 -11"><span class='ocrx_word' id='word_1_143' title='bbox 98 1473 186 1524; x_wconf 81' lang='lat' dir='ltr'><strong>autem</strong></span> <span class='ocrx_word' id='word_1_144' title='bbox 196 1467 278 1512; x_wconf 88' lang='lat' dir='ltr'><strong>ambos</strong></span> <span class='ocrx_word' id='word_1_145' title='bbox 287 1465 368 1522; x_wconf 86' lang='lat' dir='ltr'><strong>fertur,</strong></span> <span class='ocrx_word' id='word_1_146' title='bbox 379 1471 403 1512; x_wconf 89' lang='lat' dir='ltr'><strong>et</strong></span> <span class='ocrx_word' id='word_1_147' title='bbox 413 1465 499 1511; x_wconf 90' lang='lat' dir='ltr'><strong>matris</strong></span> <span class='ocrx_word' id='word_1_148' title='bbox 509 1464 639 1512; x_wconf 87' lang='lat' dir='ltr'><strong>insolentia</strong></span> <span class='ocrx_word' id='word_1_149' title='bbox 648 1473 782 1526; x_wconf 89' lang='lat' dir='ltr'><strong>permotum</strong></span> <span class='ocrx_word' id='word_1_150' title='bbox 792 1467 950 1522; x_wconf 81' lang='lat' dir='ltr'><strong>exclamasse,</strong></span> <span class='ocrx_word' id='word_1_151' title='bbox 959 1481 1022 1519; x_wconf 35' lang='lat' dir='ltr'><strong>eam,</strong></span> 
     </span>
     <span class='ocr_line' id='line_1_20' title="bbox 99 1529 1016 1593; baseline 0.001 -17"><span class='ocrx_word' id='word_1_152' title='bbox 99 1549 143 1592; x_wconf 82' lang='lat' dir='ltr'><strong>pro</strong></span> <span class='ocrx_word' id='word_1_153' title='bbox 162 1531 316 1580; x_wconf 87' lang='lat' dir='ltr'><strong>habitatione</strong></span> <span class='ocrx_word' id='word_1_154' title='bbox 336 1532 424 1586; x_wconf 89' lang='lat' dir='ltr'><strong>decern</strong></span> <span class='ocrx_word' id='word_1_155' title='bbox 441 1529 571 1586; x_wconf 86' lang='lat' dir='ltr'><strong>mensium,</strong></span> <span class='ocrx_word' id='word_1_156' title='bbox 582 1547 655 1591; x_wconf 92' lang='lat' dir='ltr'><strong>quam</strong></span> <span class='ocrx_word' id='word_1_157' title='bbox 674 1548 701 1579; x_wconf 86' lang='lat' dir='ltr'><strong>rn</strong></span> <span class='ocrx_word' id='word_1_158' title='bbox 718 1537 785 1580; x_wconf 88' lang='lat' dir='ltr'><strong>utere</strong></span> <span class='ocrx_word' id='word_1_159' title='bbox 798 1532 844 1580; x_wconf 90' lang='lat' dir='ltr'><strong>sibi</strong></span> <span class='ocrx_word' id='word_1_160' title='bbox 856 1531 1016 1593; x_wconf 77' lang='lat' dir='ltr'><strong>praebuisset,</strong></span> 
     </span>
     <span class='ocr_line' id='line_1_21' title="bbox 98 1595 1015 1662; baseline -0.003 -17"><span class='ocrx_word' id='word_1_161' title='bbox 98 1613 202 1662; x_wconf 87' lang='lat' dir='ltr'><strong>gravem</strong></span> <span class='ocrx_word' id='word_1_162' title='bbox 216 1598 352 1644; x_wconf 90' lang='lat' dir='ltr'><strong>mercedem</strong></span> <span class='ocrx_word' id='word_1_163' title='bbox 366 1596 479 1660; x_wconf 82' lang='lat' dir='ltr'><strong>exigere:</strong></span> <span class='ocrx_word' id='word_1_164' title='bbox 497 1595 654 1656; x_wconf 85' lang='lat' dir='ltr'><strong>Antipatrum</strong></span> <span class='ocrx_word' id='word_1_165' title='bbox 667 1613 724 1644; x_wconf 91' lang='lat' dir='ltr'><strong>vero</strong></span> <span class='ocrx_word' id='word_1_166' title='bbox 740 1604 880 1660; x_wconf 89' lang='lat' dir='ltr'><strong>suspectum</strong></span> <span class='ocrx_word' id='word_1_167' title='bbox 892 1596 1015 1652; x_wconf 85' lang='lat' dir='ltr'><strong>habuisse,</strong></span> 
     </span>
     <span class='ocr_line' id='line_1_22' title="bbox 97 1660 1015 1726; baseline -0.003 -15"><span class='ocrx_word' id='word_1_168' title='bbox 97 1663 171 1726; x_wconf 64' lang='lat' dir='ltr'><strong>*quasi</strong></span> <span class='ocrx_word' id='word_1_169' title='bbox 187 1667 256 1723; x_wconf 78' lang='lat' dir='ltr'><strong>parta</strong></span> <span class='ocrx_word' id='word_1_170' title='bbox 267 1679 298 1708; x_wconf 84' lang='lat' dir='ltr'><strong>cx</strong></span> <span class='ocrx_word' id='word_1_171' title='bbox 309 1661 436 1722; x_wconf 87' lang='lat' dir='ltr'><strong>Spartanis</strong></span> <span class='ocrx_word' id='word_1_172' title='bbox 448 1660 547 1708; x_wconf 90' lang='lat' dir='ltr'><strong>victoria</strong></span> <span class='ocrx_word' id='word_1_173' title='bbox 564 1661 688 1708; x_wconf 84' lang='lat' dir='ltr'><strong>tollentem</strong></span> <span class='ocrx_word' id='word_1_174' title='bbox 706 1663 809 1721; x_wconf 87' lang='lat' dir='ltr'><strong>animos,</strong></span> <span class='ocrx_word' id='word_1_175' title='bbox 821 1669 845 1711; x_wconf 90' lang='lat' dir='ltr'><strong>et</strong></span> <span class='ocrx_word' id='word_1_176' title='bbox 861 1661 963 1724; x_wconf 90' lang='lat' dir='ltr'><strong>imperio</strong></span> <span class='ocrx_word' id='word_1_177' title='bbox 980 1667 1015 1710; x_wconf 89' lang='lat' dir='ltr'><strong>tot</strong></span> 
     </span>
     <span class='ocr_line' id='line_1_23' title="bbox 99 1725 1015 1794; baseline -0.002 -18"><span class='ocrx_word' id='word_1_178' title='bbox 99 1730 154 1794; x_wconf 87' lang='lat' dir='ltr'><strong>jam</strong></span> <span class='ocrx_word' id='word_1_179' title='bbox 176 1727 201 1774; x_wconf 90' lang='lat' dir='ltr'><strong>in</strong></span> <span class='ocrx_word' id='word_1_180' title='bbox 220 1743 296 1774; x_wconf 87' lang='lat' dir='ltr'><strong>annos</strong></span> <span class='ocrx_word' id='word_1_181' title='bbox 315 1733 441 1788; x_wconf 88' lang='lat' dir='ltr'><strong>prorogato</strong></span> <span class='ocrx_word' id='word_1_182' title='bbox 459 1741 532 1787; x_wconf 92' lang='lat' dir='ltr'><strong>supra</strong></span> <span class='ocrx_word' id='word_1_183' title='bbox 549 1725 663 1786; x_wconf 89' lang='lat' dir='ltr'><strong>praefecti</strong></span> <span class='ocrx_word' id='word_1_184' title='bbox 681 1728 779 1774; x_wconf 89' lang='lat' dir='ltr'><strong>modam</strong></span> <span class='ocrx_word' id='word_1_185' title='bbox 797 1729 896 1775; x_wconf 89' lang='lat' dir='ltr'><strong>elatum.</strong></span> <span class='ocrx_word' id='word_1_186' title='bbox 930 1727 1015 1788; x_wconf 87' lang='lat' dir='ltr'><strong>Itaque</strong></span> 
     </span>
     <span class='ocr_line' id='line_1_24' title="bbox 97 1791 1015 1855; baseline -0.002 -13"><span class='ocrx_word' id='word_1_187' title='bbox 97 1811 157 1842; x_wconf 88' lang='lat' dir='ltr'><strong>cum</strong></span> <span class='ocrx_word' id='word_1_188' title='bbox 179 1795 232 1855; x_wconf 85' lang='lat' dir='ltr'><strong>ejus</strong></span> <span class='ocrx_word' id='word_1_189' title='bbox 253 1793 358 1854; x_wconf 81' lang='lat' dir='ltr'><strong>gravitas</strong></span> <span class='ocrx_word' id='word_1_190' title='bbox 382 1797 452 1852; x_wconf 88' lang='lat' dir='ltr'><strong>atque</strong></span> <span class='ocrx_word' id='word_1_191' title='bbox 473 1791 602 1854; x_wconf 84' lang='lat' dir='ltr'><strong>integritas</strong></span> <span class='ocrx_word' id='word_1_192' title='bbox 623 1806 638 1836; x_wconf 90' lang='lat' dir='ltr'><strong>a</strong></span> <span class='ocrx_word' id='word_1_193' title='bbox 658 1791 804 1853; x_wconf 91' lang='lat' dir='ltr'><strong>quibusdam</strong></span> <span class='ocrx_word' id='word_1_194' title='bbox 827 1793 1015 1854; x_wconf 87' lang='lat' dir='ltr'><strong>praedicaretur,</strong></span> 
     </span>
     <span class='ocr_line' id='line_1_25' title="bbox 96 1855 1016 1923; baseline 0 -19"><span class='ocrx_word' id='word_1_195' title='bbox 96 1857 214 1923; x_wconf 88' lang='lat' dir='ltr'><strong>subjecit,</strong></span> <span class='ocrx_word' id='word_1_196' title='bbox 226 1859 331 1904; x_wconf 84' lang='lat' dir='ltr'><strong>exterius</strong></span> <span class='ocrx_word' id='word_1_197' title='bbox 343 1857 439 1919; x_wconf 88' lang='lat' dir='ltr'><strong>quidem</strong></span> <span class='ocrx_word' id='word_1_198' title='bbox 452 1858 534 1904; x_wconf 90' lang='lat' dir='ltr'><strong>album</strong></span> <span class='ocrx_word' id='word_1_199' title='bbox 544 1855 627 1915; x_wconf 90' lang='lat' dir='ltr'><strong>videri,</strong></span> <span class='ocrx_word' id='word_1_200' title='bbox 637 1857 679 1903; x_wconf 88' lang='lat' dir='ltr'><strong>sed</strong></span> <span class='ocrx_word' id='word_1_201' title='bbox 691 1856 712 1904; x_wconf 91' lang='lat' dir='ltr'><strong>si</strong></span> <span class='ocrx_word' id='word_1_202' title='bbox 721 1857 816 1918; x_wconf 88' lang='lat' dir='ltr'><strong>penitus</strong></span> <span class='ocrx_word' id='word_1_203' title='bbox 827 1857 1016 1918; x_wconf 87' lang='lat' dir='ltr'><strong>introspiciatur,</strong></span> 
     </span>
     <span class='ocr_line' id='line_1_26' title="bbox 96 1921 1015 1984; baseline -0.002 -12"><span class='ocrx_word' id='word_1_204' title='bbox 96 1931 180 1972; x_wconf 84' lang='lat' dir='ltr'><strong>totum</strong></span> <span class='ocrx_word' id='word_1_205' title='bbox 199 1941 251 1970; x_wconf 84' lang='lat' dir='ltr'><strong>esse</strong></span> <span class='ocrx_word' id='word_1_206' title='bbox 271 1922 424 1984; x_wconf 62' lang='lat' dir='ltr'><strong>purpureuml</strong></span> <span class='ocrx_word' id='word_1_207' title='bbox 458 1921 650 1984; x_wconf 21' lang='lat' dir='ltr'><strong>Pressitytamen</strong></span> <span class='ocrx_word' id='word_1_208' title='bbox 667 1923 829 1983; x_wconf 89' lang='lat' dir='ltr'><strong>suspicionem</strong></span> <span class='ocrx_word' id='word_1_209' title='bbox 848 1938 926 1980; x_wconf 88' lang='lat' dir='ltr'><strong>suam,</strong></span> <span class='ocrx_word' id='word_1_210' title='bbox 938 1937 1015 1983; x_wconf 88' lang='lat' dir='ltr'><strong>neque</strong></span> 
     </span>
     <span class='ocr_line' id='line_1_27' title="bbox 98 1986 1046 2048; baseline -0.002 -11"><span class='ocrx_word' id='word_1_211' title='bbox 98 1989 180 2038; x_wconf 89' lang='lat' dir='ltr'><strong>ullum</strong></span> <span class='ocrx_word' id='word_1_212' title='bbox 195 1987 346 2035; x_wconf 83' lang='lat' dir='ltr'><strong>nranifcstius</strong></span> <span class='ocrx_word' id='word_1_213' title='bbox 359 1987 490 2034; x_wconf 89' lang='lat' dir='ltr'><strong>abalienati</strong></span> <span class='ocrx_word' id='word_1_214' title='bbox 502 1987 578 2034; x_wconf 91' lang='lat' dir='ltr'><strong>animi</strong></span> <span class='ocrx_word' id='word_1_215' title='bbox 597 1986 715 2033; x_wconf 92' lang='lat' dir='ltr'><strong>indicium</strong></span> <span class='ocrx_word' id='word_1_216' title='bbox 733 1988 853 2048; x_wconf 89' lang='lat' dir='ltr'><strong>praetulit</strong></span> <span class='ocrx_word' id='word_1_217' title='bbox 886 1987 1016 2036; x_wconf 87' lang='lat' dir='ltr'><strong>Credidere</strong></span> <span class='ocrx_word' id='word_1_218' title='bbox 1038 2011 1046 2024; x_wconf 50' lang='lat' dir='ltr'>x</span> 
     </span>
     <span class='ocr_line' id='line_1_28' title="bbox 98 2051 1016 2116; baseline -0.002 -14"><span class='ocrx_word' id='word_1_219' title='bbox 98 2061 187 2102; x_wconf 78' lang='lat' dir='ltr'><strong>tamen</strong></span> <span class='ocrx_word' id='word_1_220' title='bbox 201 2054 314 2116; x_wconf 85' lang='lat' dir='ltr'><strong>plerique,</strong></span> <span class='ocrx_word' id='word_1_221' title='bbox 327 2053 492 2113; x_wconf 85' lang='lat' dir='ltr'><strong>Antipatrum,</strong></span> <span class='ocrx_word' id='word_1_222' title='bbox 503 2051 598 2100; x_wconf 90' lang='lat' dir='ltr'><strong>evocari</strong></span> <span class='ocrx_word' id='word_1_223' title='bbox 611 2067 636 2099; x_wconf 88' lang='lat' dir='ltr'><strong>se</strong></span> <span class='ocrx_word' id='word_1_224' title='bbox 648 2052 759 2114; x_wconf 89' lang='lat' dir='ltr'><strong>supplicii</strong></span> <span class='ocrx_word' id='word_1_225' title='bbox 779 2069 853 2100; x_wconf 88' lang='lat' dir='ltr'><strong>causa</strong></span> <span class='ocrx_word' id='word_1_226' title='bbox 870 2059 958 2110; x_wconf 90' lang='lat' dir='ltr'><strong>ratum,</strong></span> <span class='ocrx_word' id='word_1_227' title='bbox 971 2053 1016 2100; x_wconf 90' lang='lat' dir='ltr'><strong>im·</strong></span> 
     </span>
     <span class='ocr_line' id='line_1_29' title="bbox 98 2117 1016 2182; baseline 0.001 -18"><span class='ocrx_word' id='word_1_228' title='bbox 98 2120 148 2182; x_wconf 84' lang='lat' dir='ltr'><strong>piis</strong></span> <span class='ocrx_word' id='word_1_229' title='bbox 168 2119 391 2167; x_wconf 88' lang='lat' dir='ltr'><strong>machinationibus</strong></span> <span class='ocrx_word' id='word_1_230' title='bbox 411 2119 494 2182; x_wconf 86' lang='lat' dir='ltr'><strong>regiae</strong></span> <span class='ocrx_word' id='word_1_231' title='bbox 515 2117 607 2175; x_wconf 90' lang='lat' dir='ltr'><strong>mortis,</strong></span> <span class='ocrx_word' id='word_1_232' title='bbox 627 2133 689 2178; x_wconf 90' lang='lat' dir='ltr'><strong>quae</strong></span> <span class='ocrx_word' id='word_1_233' title='bbox 708 2119 779 2179; x_wconf 90' lang='lat' dir='ltr'><strong>paulo</strong></span> <span class='ocrx_word' id='word_1_234' title='bbox 799 2125 852 2180; x_wconf 91' lang='lat' dir='ltr'><strong>post</strong></span> <span class='ocrx_word' id='word_1_235' title='bbox 868 2125 952 2166; x_wconf 87' lang='lat' dir='ltr'><strong>secuta</strong></span> <span class='ocrx_word' id='word_1_236' title='bbox 972 2123 1016 2176; x_wconf 81' lang='lat' dir='ltr'><strong>est,</strong></span> 
     </span>
     <span class='ocr_line' id='line_1_30' title="bbox 98 2185 357 2233; baseline -0.012 0"><span class='ocrx_word' id='word_1_237' title='bbox 98 2192 226 2233; x_wconf 90' lang='lat' dir='ltr'><strong>auctorem</strong></span> <span class='ocrx_word' id='word_1_238' title='bbox 241 2185 357 2232; x_wconf 83' lang='lat' dir='ltr'><strong>extitisse.</strong></span> 
     </span>
    </p>

    <p class='ocr_par' dir='ltr' id='par_1_3' title="bbox 45 2247 1021 3488">
     <span class='ocr_line' id='line_1_31' title="bbox 134 2247 1016 2311; baseline -0.003 -12"><span class='ocrx_word' id='word_1_239' title='bbox 134 2251 235 2299; x_wconf 88' lang='lat' dir='ltr'><strong>Interea</strong></span> <span class='ocrx_word' id='word_1_240' title='bbox 247 2265 295 2308; x_wconf 85' lang='lat' dir='ltr'><strong>rer,</strong></span> <span class='ocrx_word' id='word_1_241' title='bbox 308 2256 334 2297; x_wconf 92' lang='lat' dir='ltr'><strong>ut</strong></span> <span class='ocrx_word' id='word_1_242' title='bbox 347 2249 469 2296; x_wconf 89' lang='lat' dir='ltr'><strong>imminuti</strong></span> <span class='ocrx_word' id='word_1_243' title='bbox 487 2247 606 2296; x_wconf 85' lang='lat' dir='ltr'><strong>exercitus</strong></span> <span class='ocrx_word' id='word_1_244' title='bbox 618 2248 764 2298; x_wconf 90' lang='lat' dir='ltr'><strong>detrimenta</strong></span> <span class='ocrx_word' id='word_1_245' title='bbox 775 2250 885 2309; x_wconf 90' lang='lat' dir='ltr'><strong>sarciret,</strong></span> <span class='ocrx_word' id='word_1_246' title='bbox 897 2249 1016 2311; x_wconf 91' lang='lat' dir='ltr'><strong>optimum</strong></span> 
     </span>
     <span class='ocr_line' id='line_1_32' title="bbox 98 2313 1016 2380; baseline -0.002 -16"><span class='ocrx_word' id='word_1_247' title='bbox 98 2331 223 2380; x_wconf 88' lang='lat' dir='ltr'><strong>quemque</strong></span> <span class='ocrx_word' id='word_1_248' title='bbox 242 2313 372 2363; x_wconf 88' lang='lat' dir='ltr'><strong>Persarum</strong></span> <span class='ocrx_word' id='word_1_249' title='bbox 391 2315 417 2362; x_wconf 92' lang='lat' dir='ltr'><strong>in</strong></span> <span class='ocrx_word' id='word_1_250' title='bbox 435 2313 607 2361; x_wconf 89' lang='lat' dir='ltr'><strong>Macedonicos</strong></span> <span class='ocrx_word' id='word_1_251' title='bbox 625 2314 722 2362; x_wconf 86' lang='lat' dir='ltr'><strong>ordines</strong></span> <span class='ocrx_word' id='word_1_252' title='bbox 741 2314 839 2379; x_wconf 84' lang='lat' dir='ltr'><strong>allegit:</strong></span> <span class='ocrx_word' id='word_1_253' title='bbox 857 2317 925 2364; x_wconf 90' lang='lat' dir='ltr'><strong>mille</strong></span> <span class='ocrx_word' id='word_1_254' title='bbox 942 2315 1016 2362; x_wconf 89' lang='lat' dir='ltr'><strong>etiam</strong></span> 
     </span>
     <span class='ocr_line' id='line_1_33' title="bbox 100 2379 1017 2444; baseline -0.002 -15"><span class='ocrx_word' id='word_1_255' title='bbox 100 2380 327 2444; x_wconf 87' lang='lat' dir='ltr'><strong>praestantissimos</strong></span> <span class='ocrx_word' id='word_1_256' title='bbox 339 2379 478 2444; x_wconf 84' lang='lat' dir='ltr'><strong>segregavit</strong></span> <span class='ocrx_word' id='word_1_257' title='bbox 490 2381 520 2426; x_wconf 89' lang='lat' dir='ltr'><strong>ad</strong></span> <span class='ocrx_word' id='word_1_258' title='bbox 533 2379 668 2440; x_wconf 91' lang='lat' dir='ltr'><strong>propiorem</strong></span> <span class='ocrx_word' id='word_1_259' title='bbox 685 2379 723 2428; x_wconf 91' lang='lat' dir='ltr'><strong>sui</strong></span> <span class='ocrx_word' id='word_1_260' title='bbox 742 2382 849 2443; x_wconf 86' lang='lat' dir='ltr'><strong>corporis</strong></span> <span class='ocrx_word' id='word_1_261' title='bbox 867 2381 1017 2429; x_wconf 82' lang='lat' dir='ltr'><strong>custodiam:</strong></span> 
     </span>
     <span class='ocr_line' id='line_1_34' title="bbox 101 2444 1018 2506; baseline 0 -12"><span class='ocrx_word' id='word_1_262' title='bbox 101 2448 180 2494; x_wconf 89' lang='lat' dir='ltr'><strong>aliam</strong></span> <span class='ocrx_word' id='word_1_263' title='bbox 200 2446 353 2492; x_wconf 88' lang='lat' dir='ltr'><strong>hastatorum</strong></span> <span class='ocrx_word' id='word_1_264' title='bbox 373 2461 481 2504; x_wconf 84' lang='lat' dir='ltr'><strong>manum,</strong></span> <span class='ocrx_word' id='word_1_265' title='bbox 493 2445 558 2492; x_wconf 92' lang='lat' dir='ltr'><strong>haud</strong></span> <span class='ocrx_word' id='word_1_266' title='bbox 579 2444 706 2505; x_wconf 91' lang='lat' dir='ltr'><strong>pauciores</strong></span> <span class='ocrx_word' id='word_1_267' title='bbox 727 2447 812 2495; x_wconf 89' lang='lat' dir='ltr'><strong>decern</strong></span> <span class='ocrx_word' id='word_1_268' title='bbox 831 2447 939 2506; x_wconf 87' lang='lat' dir='ltr'><strong>milibus,</strong></span> <span class='ocrx_word' id='word_1_269' title='bbox 951 2447 1018 2494; x_wconf 90' lang='lat' dir='ltr'><strong>circa</strong></span> 
     </span>
     <span class='ocr_line' id='line_1_35' title="bbox 101 2510 1018 2578; baseline -0.003 -18"><span class='ocrx_word' id='word_1_270' title='bbox 101 2511 202 2576; x_wconf 90' lang='lat' dir='ltr'><strong>regium</strong></span> <span class='ocrx_word' id='word_1_271' title='bbox 214 2511 398 2558; x_wconf 86' lang='lat' dir='ltr'><strong>tabernaculum</strong></span> <span class='ocrx_word' id='word_1_272' title='bbox 411 2511 525 2558; x_wconf 83' lang='lat' dir='ltr'><strong>excubias</strong></span> <span class='ocrx_word' id='word_1_273' title='bbox 538 2526 611 2574; x_wconf 91' lang='lat' dir='ltr'><strong>agere</strong></span> <span class='ocrx_word' id='word_1_274' title='bbox 619 2510 699 2574; x_wconf 89' lang='lat' dir='ltr'><strong>jussit.</strong></span> <span class='ocrx_word' id='word_1_275' title='bbox 732 2512 802 2561; x_wconf 91' lang='lat' dir='ltr'><strong>Haec</strong></span> <span class='ocrx_word' id='word_1_276' title='bbox 820 2513 904 2578; x_wconf 86' lang='lat' dir='ltr'><strong>agenti</strong></span> <span class='ocrx_word' id='word_1_277' title='bbox 916 2513 1018 2561; x_wconf 87' lang='lat' dir='ltr'><strong>Peuces.</strong></span> 
     </span>
     <span class='ocr_line' id='line_1_36' title="bbox 99 2575 1017 2640; baseline -0.003 -15"><span class='ocrx_word' id='word_1_278' title='bbox 99 2583 140 2626; x_wconf 88' lang='lat' dir='ltr'><strong>tes</strong></span> <span class='ocrx_word' id='word_1_279' title='bbox 153 2576 292 2639; x_wconf 87' lang='lat' dir='ltr'><strong>supervenit</strong></span> <span class='ocrx_word' id='word_1_280' title='bbox 304 2591 360 2623; x_wconf 91' lang='lat' dir='ltr'><strong>cum</strong></span> <span class='ocrx_word' id='word_1_281' title='bbox 373 2575 461 2639; x_wconf 89' lang='lat' dir='ltr'><strong>viginti</strong></span> <span class='ocrx_word' id='word_1_282' title='bbox 474 2575 620 2638; x_wconf 89' lang='lat' dir='ltr'><strong>sagittarum</strong></span> <span class='ocrx_word' id='word_1_283' title='bbox 632 2575 829 2640; x_wconf 76' lang='lat' dir='ltr'><strong>funditorumque</strong></span> <span class='ocrx_word' id='word_1_284' title='bbox 841 2578 947 2635; x_wconf 90' lang='lat' dir='ltr'><strong>milibus,</strong></span> <span class='ocrx_word' id='word_1_285' title='bbox 959 2593 1017 2638; x_wconf 88' lang='lat' dir='ltr'><strong>quos</strong></span> 
     </span>
     <span class='ocr_line' id='line_1_37' title="bbox 100 2640 1017 2704; baseline -0.003 -14"><span class='ocrx_word' id='word_1_286' title='bbox 100 2658 134 2690; x_wconf 83' lang='lat' dir='ltr'><strong>ex</strong></span> <span class='ocrx_word' id='word_1_287' title='bbox 146 2657 192 2689; x_wconf 88' lang='lat' dir='ltr'><strong>sua</strong></span> <span class='ocrx_word' id='word_1_288' title='bbox 203 2640 328 2704; x_wconf 87' lang='lat' dir='ltr'><strong>provincia</strong></span> <span class='ocrx_word' id='word_1_289' title='bbox 342 2642 463 2704; x_wconf 69' lang='lat' dir='ltr'><strong>coegerat.</strong></span> <span class='ocrx_word' id='word_1_290' title='bbox 496 2641 542 2688; x_wconf 89' lang='lat' dir='ltr'><strong>His</strong></span> <span class='ocrx_word' id='word_1_291' title='bbox 554 2656 597 2702; x_wconf 89' lang='lat' dir='ltr'><strong>per</strong></span> <span class='ocrx_word' id='word_1_292' title='bbox 606 2641 740 2689; x_wconf 84' lang='lat' dir='ltr'><strong>exercitum</strong></span> <span class='ocrx_word' id='word_1_293' title='bbox 750 2642 887 2690; x_wconf 90' lang='lat' dir='ltr'><strong>distributis</strong></span> <span class='ocrx_word' id='word_1_294' title='bbox 896 2642 1017 2703; x_wconf 87' lang='lat' dir='ltr'><strong>profectus</strong></span> 
     </span>
     <span class='ocr_line' id='line_1_38' title="bbox 101 2706 1018 2770; baseline -0.002 -16"><span class='ocrx_word' id='word_1_295' title='bbox 101 2713 143 2755; x_wconf 89' lang='lat' dir='ltr'><strong>est</strong></span> <span class='ocrx_word' id='word_1_296' title='bbox 153 2707 231 2764; x_wconf 90' lang='lat' dir='ltr'><strong>Susis,</strong></span> <span class='ocrx_word' id='word_1_297' title='bbox 240 2712 265 2754; x_wconf 91' lang='lat' dir='ltr'><strong>et</strong></span> <span class='ocrx_word' id='word_1_298' title='bbox 276 2706 393 2770; x_wconf 88' lang='lat' dir='ltr'><strong>Pasitigri</strong></span> <span class='ocrx_word' id='word_1_299' title='bbox 406 2722 477 2754; x_wconf 92' lang='lat' dir='ltr'><strong>amne</strong></span> <span class='ocrx_word' id='word_1_300' title='bbox 489 2706 640 2764; x_wconf 90' lang='lat' dir='ltr'><strong>transmisso,</strong></span> <span class='ocrx_word' id='word_1_301' title='bbox 651 2707 715 2767; x_wconf 90' lang='lat' dir='ltr'><strong>apud</strong></span> <span class='ocrx_word' id='word_1_302' title='bbox 726 2707 805 2754; x_wconf 87' lang='lat' dir='ltr'><strong>Caras</strong></span> <span class='ocrx_word' id='word_1_303' title='bbox 818 2713 900 2754; x_wconf 91' lang='lat' dir='ltr'><strong>castra</strong></span> <span class='ocrx_word' id='word_1_304' title='bbox 912 2713 1018 2754; x_wconf 88' lang='lat' dir='ltr'><strong>metatus</strong></span> 
     </span>
     <span class='ocr_line' id='line_1_39' title="bbox 101 2770 1018 2834; baseline -0.004 -14"><span class='ocrx_word' id='word_1_305' title='bbox 101 2779 156 2821; x_wconf 91' lang='lat' dir='ltr'><strong>est:</strong></span> <span class='ocrx_word' id='word_1_306' title='bbox 170 2771 226 2820; x_wconf 88' lang='lat' dir='ltr'><strong>iude</strong></span> <span class='ocrx_word' id='word_1_307' title='bbox 238 2772 367 2834; x_wconf 89' lang='lat' dir='ltr'><strong>quatriduo</strong></span> <span class='ocrx_word' id='word_1_308' title='bbox 376 2787 419 2834; x_wconf 91' lang='lat' dir='ltr'><strong>per</strong></span> <span class='ocrx_word' id='word_1_309' title='bbox 428 2771 569 2819; x_wconf 87' lang='lat' dir='ltr'><strong>Sittacenen</strong></span> <span class='ocrx_word' id='word_1_310' title='bbox 582 2771 661 2818; x_wconf 89' lang='lat' dir='ltr'><strong>ductis</strong></span> <span class='ocrx_word' id='word_1_311' title='bbox 671 2770 747 2834; x_wconf 90' lang='lat' dir='ltr'><strong>copiis</strong></span> <span class='ocrx_word' id='word_1_312' title='bbox 757 2771 882 2820; x_wconf 88' lang='lat' dir='ltr'><strong>Sambana</strong></span> <span class='ocrx_word' id='word_1_313' title='bbox 892 2771 1018 2833; x_wconf 86' lang='lat' dir='ltr'><strong>processit,</strong></span> 
     </span>
     <span class='ocr_line' id='line_1_40' title="bbox 101 2835 1017 2900; baseline -0.003 -15"><span class='ocrx_word' id='word_1_314' title='bbox 101 2838 147 2886; x_wconf 88' lang='lat' dir='ltr'><strong>ubi</strong></span> <span class='ocrx_word' id='word_1_315' title='bbox 160 2853 203 2900; x_wconf 91' lang='lat' dir='ltr'><strong>per</strong></span> <span class='ocrx_word' id='word_1_316' title='bbox 216 2844 308 2898; x_wconf 90' lang='lat' dir='ltr'><strong>septem</strong></span> <span class='ocrx_word' id='word_1_317' title='bbox 321 2837 374 2885; x_wconf 88' lang='lat' dir='ltr'><strong>dies</strong></span> <span class='ocrx_word' id='word_1_318' title='bbox 387 2837 495 2899; x_wconf 89' lang='lat' dir='ltr'><strong>quietum</strong></span> <span class='ocrx_word' id='word_1_319' title='bbox 507 2851 597 2899; x_wconf 88' lang='lat' dir='ltr'><strong>agmen</strong></span> <span class='ocrx_word' id='word_1_320' title='bbox 609 2835 694 2883; x_wconf 85' lang='lat' dir='ltr'><strong>tenuit</strong></span> <span class='ocrx_word' id='word_1_321' title='bbox 728 2836 816 2885; x_wconf 71' lang='lat' dir='ltr'><strong>&#39;I&#39;ridui</strong></span> <span class='ocrx_word' id='word_1_322' title='bbox 834 2838 921 2884; x_wconf 90' lang='lat' dir='ltr'><strong>deinde</strong></span> <span class='ocrx_word' id='word_1_323' title='bbox 932 2836 1017 2884; x_wconf 91' lang='lat' dir='ltr'><strong>itinere</strong></span> 
     </span>
     <span class='ocr_line' id='line_1_41' title="bbox 102 2900 1019 2964; baseline -0.003 -14"><span class='ocrx_word' id='word_1_324' title='bbox 102 2919 207 2951; x_wconf 90' lang='lat' dir='ltr'><strong>emenso</strong></span> <span class='ocrx_word' id='word_1_325' title='bbox 218 2903 320 2951; x_wconf 88' lang='lat' dir='ltr'><strong>Celonas</strong></span> <span class='ocrx_word' id='word_1_326' title='bbox 333 2908 474 2964; x_wconf 90' lang='lat' dir='ltr'><strong>perventum</strong></span> <span class='ocrx_word' id='word_1_327' title='bbox 487 2907 531 2950; x_wconf 89' lang='lat' dir='ltr'><strong>est.</strong></span> <span class='ocrx_word' id='word_1_328' title='bbox 565 2900 687 2964; x_wconf 88' lang='lat' dir='ltr'><strong>Oppidum</strong></span> <span class='ocrx_word' id='word_1_329' title='bbox 699 2902 744 2950; x_wconf 90' lang='lat' dir='ltr'><strong>hoc</strong></span> <span class='ocrx_word' id='word_1_330' title='bbox 759 2907 844 2950; x_wconf 89' lang='lat' dir='ltr'><strong>tenent</strong></span> <span class='ocrx_word' id='word_1_331' title='bbox 855 2901 955 2950; x_wconf 90' lang='lat' dir='ltr'><strong>Boeotia</strong></span> <span class='ocrx_word' id='word_1_332' title='bbox 966 2917 1019 2962; x_wconf 88' lang='lat' dir='ltr'><strong>pro-</strong></span> 
     </span>
     <span class='ocr_line' id='line_1_42' title="bbox 103 2966 1018 3030; baseline -0.003 -14"><span class='ocrx_word' id='word_1_333' title='bbox 103 2967 171 3026; x_wconf 90' lang='lat' dir='ltr'><strong>fecti,</strong></span> <span class='ocrx_word' id='word_1_334' title='bbox 191 2984 251 3030; x_wconf 91' lang='lat' dir='ltr'><strong>quos</strong></span> <span class='ocrx_word' id='word_1_335' title='bbox 273 2967 364 3016; x_wconf 85' lang='lat' dir='ltr'><strong>Xerxes</strong></span> <span class='ocrx_word' id='word_1_336' title='bbox 388 2967 486 3016; x_wconf 90' lang='lat' dir='ltr'><strong>sedibus</strong></span> <span class='ocrx_word' id='word_1_337' title='bbox 506 2967 556 3016; x_wconf 89' lang='lat' dir='ltr'><strong>suis</strong></span> <span class='ocrx_word' id='word_1_338' title='bbox 576 2966 667 3014; x_wconf 83' lang='lat' dir='ltr'><strong>excitos</strong></span> <span class='ocrx_word' id='word_1_339' title='bbox 688 2967 714 3014; x_wconf 92' lang='lat' dir='ltr'><strong>in</strong></span> <span class='ocrx_word' id='word_1_340' title='bbox 734 2966 859 3015; x_wconf 91' lang='lat' dir='ltr'><strong>Orientem</strong></span> <span class='ocrx_word' id='word_1_341' title='bbox 880 2966 1018 3015; x_wconf 86' lang='lat' dir='ltr'><strong>transtulit:</strong></span> 
     </span>
     <span class='ocr_line' id='line_1_43' title="bbox 103 3032 1019 3098; baseline 0 -18"><span class='ocrx_word' id='word_1_342' title='bbox 103 3035 283 3096; x_wconf 87' lang='lat' dir='ltr'><strong>servabantque</strong></span> <span class='ocrx_word' id='word_1_343' title='bbox 299 3039 472 3098; x_wconf 90' lang='lat' dir='ltr'><strong>argumentum</strong></span> <span class='ocrx_word' id='word_1_344' title='bbox 490 3032 593 3096; x_wconf 88' lang='lat' dir='ltr'><strong>originis</strong></span> <span class='ocrx_word' id='word_1_345' title='bbox 610 3032 725 3092; x_wconf 89' lang='lat' dir='ltr'><strong>peculiari</strong></span> <span class='ocrx_word' id='word_1_346' title='bbox 742 3048 861 3092; x_wconf 88' lang='lat' dir='ltr'><strong>sermone,</strong></span> <span class='ocrx_word' id='word_1_347' title='bbox 873 3049 903 3082; x_wconf 84' lang='lat' dir='ltr'><strong>ex</strong></span> <span class='ocrx_word' id='word_1_348' title='bbox 919 3032 1019 3080; x_wconf 88' lang='lat' dir='ltr'><strong>Graecis</strong></span> 
     </span>
     <span class='ocr_line' id='line_1_44' title="bbox 103 3098 1019 3161; baseline 0.001 -16"><span class='ocrx_word' id='word_1_349' title='bbox 103 3099 245 3161; x_wconf 91' lang='lat' dir='ltr'><strong>plerumque</strong></span> <span class='ocrx_word' id='word_1_350' title='bbox 257 3099 357 3147; x_wconf 90' lang='lat' dir='ltr'><strong>vocibus</strong></span> <span class='ocrx_word' id='word_1_351' title='bbox 369 3104 510 3147; x_wconf 90' lang='lat' dir='ltr'><strong>constante:</strong></span> <span class='ocrx_word' id='word_1_352' title='bbox 527 3104 636 3144; x_wconf 91' lang='lat' dir='ltr'><strong>ceterum</strong></span> <span class='ocrx_word' id='word_1_353' title='bbox 654 3099 685 3144; x_wconf 92' lang='lat' dir='ltr'><strong>ob</strong></span> <span class='ocrx_word' id='word_1_354' title='bbox 700 3099 902 3158; x_wconf 85' lang='lat' dir='ltr'><strong>commerciorum</strong></span> <span class='ocrx_word' id='word_1_355' title='bbox 915 3098 1019 3146; x_wconf 90' lang='lat' dir='ltr'><strong>necessi·</strong></span> 
     </span>
     <span class='ocr_line' id='line_1_45' title="bbox 103 3163 1020 3228; baseline -0.001 -17"><span class='ocrx_word' id='word_1_356' title='bbox 103 3170 183 3212; x_wconf 89' lang='lat' dir='ltr'><strong>tatem</strong></span> <span class='ocrx_word' id='word_1_357' title='bbox 196 3163 356 3212; x_wconf 89' lang='lat' dir='ltr'><strong>finitimorum</strong></span> <span class='ocrx_word' id='word_1_358' title='bbox 366 3165 520 3211; x_wconf 90' lang='lat' dir='ltr'><strong>barbarorum</strong></span> <span class='ocrx_word' id='word_1_359' title='bbox 533 3163 619 3226; x_wconf 88' lang='lat' dir='ltr'><strong>lingua</strong></span> <span class='ocrx_word' id='word_1_360' title='bbox 632 3165 768 3213; x_wconf 87' lang='lat' dir='ltr'><strong>utebantur.</strong></span> <span class='ocrx_word' id='word_1_361' title='bbox 797 3163 857 3212; x_wconf 89' lang='lat' dir='ltr'><strong>Inde</strong></span> <span class='ocrx_word' id='word_1_362' title='bbox 870 3164 1020 3228; x_wconf 87' lang='lat' dir='ltr'><strong>Bagistanen</strong></span> 
     </span>
     <span class='ocr_line' id='line_1_46' title="bbox 104 3229 1021 3294; baseline 0.001 -17"><span class='ocrx_word' id='word_1_363' title='bbox 104 3229 231 3294; x_wconf 86' lang='lat' dir='ltr'><strong>ingressus</strong></span> <span class='ocrx_word' id='word_1_364' title='bbox 243 3235 287 3287; x_wconf 90' lang='lat' dir='ltr'><strong>est,</strong></span> <span class='ocrx_word' id='word_1_365' title='bbox 298 3229 424 3294; x_wconf 87' lang='lat' dir='ltr'><strong>regionem</strong></span> <span class='ocrx_word' id='word_1_366' title='bbox 436 3230 575 3291; x_wconf 91' lang='lat' dir='ltr'><strong>opulentam</strong></span> <span class='ocrx_word' id='word_1_367' title='bbox 585 3235 609 3276; x_wconf 93' lang='lat' dir='ltr'><strong>et</strong></span> <span class='ocrx_word' id='word_1_368' title='bbox 617 3230 783 3278; x_wconf 83' lang='lat' dir='ltr'><strong>abrmdantem</strong></span> <span class='ocrx_word' id='word_1_369' title='bbox 793 3232 906 3279; x_wconf 89' lang='lat' dir='ltr'><strong>arbomm</strong></span> <span class='ocrx_word' id='word_1_370' title='bbox 919 3245 1021 3278; x_wconf 87' lang='lat' dir='ltr'><strong>amoeno</strong></span> 
     </span>
     <span class='ocr_line' id='line_1_47' title="bbox 45 3294 1021 3356; baseline 0 -14"><span class='ocrx_word' id='word_1_371' title='bbox 45 3297 49 3311; x_wconf 70' lang='lat'>⁸</span> <span class='ocrx_word' id='word_1_372' title='bbox 104 3301 132 3342; x_wconf 92' lang='lat' dir='ltr'><strong>et</strong></span> <span class='ocrx_word' id='word_1_373' title='bbox 143 3295 246 3343; x_wconf 86' lang='lat' dir='ltr'><strong>fecundo</strong></span> <span class='ocrx_word' id='word_1_374' title='bbox 258 3295 330 3352; x_wconf 83' lang='lat' dir='ltr'><strong>foetu,</strong></span> <span class='ocrx_word' id='word_1_375' title='bbox 343 3295 476 3356; x_wconf 83' lang='lat' dir='ltr'><strong>ceterisque</strong></span> <span class='ocrx_word' id='word_1_376' title='bbox 495 3294 599 3342; x_wconf 90' lang='lat' dir='ltr'><strong>advitae</strong></span> <span class='ocrx_word' id='word_1_377' title='bbox 615 3308 664 3340; x_wconf 89' lang='lat' dir='ltr'><strong>non</strong></span> <span class='ocrx_word' id='word_1_378' title='bbox 676 3311 747 3343; x_wconf 90' lang='lat' dir='ltr'><strong>usum</strong></span> <span class='ocrx_word' id='word_1_379' title='bbox 759 3297 839 3355; x_wconf 90' lang='lat' dir='ltr'><strong>modo,</strong></span> <span class='ocrx_word' id='word_1_380' title='bbox 850 3311 934 3344; x_wconf 89' lang='lat' dir='ltr'><strong>verum</strong></span> <span class='ocrx_word' id='word_1_381' title='bbox 945 3294 1021 3343; x_wconf 89' lang='lat' dir='ltr'><strong>etiam</strong></span> 
     </span>
     <span class='ocr_line' id='line_1_48' title="bbox 105 3358 1020 3421; baseline 0.001 -13"><span class='ocrx_word' id='word_1_382' title='bbox 105 3361 294 3408; x_wconf 90' lang='lat' dir='ltr'><strong>delectationem</strong></span> <span class='ocrx_word' id='word_1_383' title='bbox 307 3361 491 3421; x_wconf 89' lang='lat' dir='ltr'><strong>pertinentibus.</strong></span> <span class='ocrx_word' id='word_1_384' title='bbox 525 3360 611 3408; x_wconf 82' lang='lat' dir='ltr'><strong>Gravis</strong></span> <span class='ocrx_word' id='word_1_385' title='bbox 623 3358 687 3408; x_wconf 93' lang='lat' dir='ltr'><strong>inter</strong></span> <span class='ocrx_word' id='word_1_386' title='bbox 698 3361 760 3410; x_wconf 88' lang='lat' dir='ltr'><strong>haec</strong></span> <span class='ocrx_word' id='word_1_387' title='bbox 778 3361 885 3410; x_wconf 88' lang='lat' dir='ltr'><strong>Eumeni</strong></span> <span class='ocrx_word' id='word_1_388' title='bbox 902 3375 959 3408; x_wconf 87' lang='lat' dir='ltr'><strong>cam</strong></span> <span class='ocrx_word' id='word_1_389' title='bbox 971 3360 1020 3409; x_wconf 88' lang='lat' dir='ltr'><strong>He·</strong></span> 
     </span>
     <span class='ocr_line' id='line_1_49' title="bbox 104 3424 1021 3488; baseline 0 -14"><span class='ocrx_word' id='word_1_390' title='bbox 104 3425 250 3488; x_wconf 85' lang='lat' dir='ltr'><strong>phaestione</strong></span> <span class='ocrx_word' id='word_1_391' title='bbox 268 3425 379 3473; x_wconf 84' lang='lat' dir='ltr'><strong>simultas</strong></span> <span class='ocrx_word' id='word_1_392' title='bbox 400 3425 525 3474; x_wconf 87' lang='lat' dir='ltr'><strong>inciderat.</strong></span> <span class='ocrx_word' id='word_1_393' title='bbox 558 3424 623 3474; x_wconf 87' lang='lat' dir='ltr'><strong>Nam</strong></span> <span class='ocrx_word' id='word_1_394' title='bbox 644 3442 724 3476; x_wconf 89' lang='lat' dir='ltr'><strong>servos</strong></span> <span class='ocrx_word' id='word_1_395' title='bbox 743 3426 863 3477; x_wconf 80' lang='lat' dir='ltr'><strong>Eumenis</strong></span> <span class='ocrx_word' id='word_1_396' title='bbox 882 3425 1021 3486; x_wconf 88' lang='lat' dir='ltr'><strong>diversorio,</strong></span> 
     </span>
    </p>
   </div>
   <div class='ocr_carea' id='block_1_3' title="bbox 0 0 1163 3842">
    <p class='ocr_par' dir='ltr' id='par_1_4' title="bbox 0 0 1163 3842">
     <span class='ocr_line' id='line_1_50' title="bbox 0 0 1163 3842; baseline 0 0"><span class='ocrx_word' id='word_1_397' title='bbox 0 0 1163 3842; x_wconf 95' lang='lat' dir='ltr'><strong> </strong></span> 
     </span>
    </p>
   </div>
  </div>
 </body>
</html>
