2322 3850
142 233 180 288 ³8
409 247 449 289 na
472 245 578 288 enarra
601 245 784 286 aacxrncar.

142 363 223 410 tunae
235 355 339 426 species
356 354 471 425 conspici
491 355 582 426 potuit,
595 371 657 408 curn
677 355 703 422 ii,
716 354 762 422 qui
781 371 844 408 cum
857 355 950 408 Dareo¹
963 355 1049 408 taber·

142 424 268 479 naculum
288 434 483 492 exornaverant,
504 425 575 476 omni
598 424 661 476 luxu
681 433 709 476 et
729 424 864 494 opulentia
881 425 1048 493 instructum,

143 495 238 548 eadem
268 493 314 547 illa
336 494 493 564 Alexandro,
518 493 593 562 quasi
616 495 700 546 veteri
729 493 842 561 domino,
868 494 1048 546 reservabant

143 565 267 633 Namque
291 565 318 616 id
342 563 429 616 solum
451 565 579 616 intactum
594 563 745 629 omiserant
768 563 873 632 milites,
893 563 931 615 ita
953 564 1049 616 tradito

143 649 224 703 more,
238 640 267 685 ut
279 633 406 686 victorem
418 634 480 686 victi
493 633 562 700 regis
574 631 743 684 tabernaculo
755 633 915 700 exciperent.

179 705 220 752 29.
238 701 290 755 Sed
314 703 434 756 omniurn
457 702 547 755 oculos
569 702 724 780 animosque
742 701 768 754 in
786 712 872 754 samm
888 703 1050 754 averterant¹

143 787 175 824 ca
194 770 265 826 tivae
278 781 362 826 mater
379 771 546 843 coniunxque
565 771 657 824 Darei:
677 769 723 822 illa
736 787 786 823 non
800 770 940 839 majestate
954 771 1048 839 solum,

143 787 194 893 sed
210 841 291 894 etiam
309 850 397 894 aetate
414 840 580 910 venerabilis,
594 840 661 892 haec
679 839 779 892 formae
798 839 1003 919 pulchritudine,
1016 857 1049 894 ne

143 909 190 962 illa
212 911 322 979 quidem
351 919 420 963 sorte
449 919 594 980 corruptae.
630 910 775 978 Receperat
801 925 826 961 ru
850 911 940 962 sinum
963 909 1050 962 filium

143 978 260 1032 nondum
284 989 389 1034 sextum
412 997 510 1035 annum
533 980 630 1031 aetatis
652 995 798 1046 egressum,
817 978 845 1031 in
864 995 941 1047 spem
960 988 1050 1032 tantae

143 1045 270 1120 fortunae,
284 1062 410 1119 quantam
427 1058 502 1118 pater
519 1047 578 1119 ejus
595 1047 674 1117 paulo
691 1056 754 1100 ante
771 1047 905 1116 amiserat,
917 1049 1048 1114 genitum.

143 1119 179 1172 At
191 1117 217 1171 in
229 1119 330 1187 gremio
341 1133 408 1171 anus
418 1119 495 1170 aviae
512 1117 637 1198 jacebant
654 1117 760 1170 adultae
777 1117 847 1170 duae
859 1117 985 1187 virgines,
999 1134 1051 1170 nou

144 1203 192 1240 suo
203 1196 314 1256 tantum,
328 1186 376 1240 sed
388 1188 469 1241 etiam
482 1187 553 1240 illius
564 1203 683 1240 maerore
695 1185 841 1239 conlectae.
870 1185 967 1256 Ingens
979 1187 1051 1239 circa

143 1273 204 1310 eam
222 1256 347 1311 nobilium
365 1257 526 1310 feminarum
549 1257 626 1310 turba
645 1255 804 1325 constiterat,
825 1255 949 1308 laceratis
971 1255 1050 1310 crini·

143 1325 202 1395 bus,
219 1325 378 1395 abscisaque
397 1327 492 1396 ueste,³
530 1327 611 1379 ristini
631 1325 734 1379 decoris
754 1326 931 1394 immemores,
945 1328 1050 1393 reginas

143 1394 325 1464 dominasque,
344 1395 414 1447 veris
436 1343 577 1465 quondam,
598 1405 660 1448 tunc
682 1395 787 1448 alienis⁴
803 1395 953 1448 nominibus
977 1397 1049 1447 invo-

142 1473 242 1516 cantes.
279 1463 350 1526 Illae,
365 1480 429 1516 suae
441 1465 599 1518 calamitatis
611 1465 716 1533 oblitae,
730 1463 758 1517 in
776 1473 833 1517 utro
851 1481 932 1517 comu
948 1465 1051 1518 Dareus

142 1533 267 1602 stetisset,
285 1549 354 1602 quae
372 1532 474 1589 fortuna
492 1533 652 1588 discriminis
669 1534 760 1586 luisset
782 1533 959 1604 requirebant.
996 1535 1050 1586 Ne·

141 1601 239 1670 gabant
257 1619 286 1654 se
303 1610 402 1672 captas,
419 1602 443 1655 si
461 1604 562 1656 viveret
580 1620 634 1656 rex.
654 1603 722 1656 .Sed
741 1573 817 1656 illum
835 1619 919 1673 equos
936 1603 1050 1656 subinde

141 1677 289 1724 mutantem
301 1671 404 1740 longius
415 1671 479 1740 luga
490 1672 644 1727 abstulerat.
681 1673 711 1726 ln
723 1673 781 1726 acie
793 1682 884 1726 autem
896 1689 976 1724 caesa
987 1673 1050 1726 sunt
1159 1723 1160 1728 ,

141 1739 281 1794 Persamm
304 1741 424 1810 peditum
450 1753 558 1795 centum
582 1737 662 1808 milia,
687 1741 783 1796 decem
808 1742 936 1811 equitum.
973 1745 1010 1794 At
1032 1759 1051 1795 a
1087 1805 1089 1810 ,
1159 1743 1160 1746 ’

140 1817 215 1932 Eme
226 1808 371 1864 Alexandri
383 1819 505 1880 quattuor
516 1821 543 1865 et
551 1811 692 1934 guingenti
705 1812 786 1864 saucii
805 1810 887 1880 luere,
901 1829 935 1864 ex
955 1811 1051 1880 pediti-

159 1895 176 1931 u

177 1878 307 1948 striginta
319 1881 425 1934 omnino
438 1890 465 1934 et
481 1882 534 1935 duo
570 1881 703 1934 asiderati⁶
720 1889 787 1960 sunt,
801 1881 921 1960 equitum
938 1892 1051 1935 centum

139 1948 328 2052 quinquaginta
350 1951 490 2004 interlecti.
534 1951 647 2004 Tantulo
667 1949 800 2019 impendio
823 1965 916 2018 ingens
938 1952 1051 2004 victoria

140 2026 219 2070 stetit.

174 2091 213 2138 ³0.
231 2087 288 2142 Rex
300 2087 417 2157 quidem,
430 2089 548 2146 Dareum
566 2085 747 2168 persequendo
759 2087 892 2157 fatigatus,
905 2097 1049 2158 postquam

139 2163 166 2208 et
189 2171 239 2208 nox
261 2157 411 2226 appetebat,
432 2169 460 2210 et
479 2157 691 2228 consequendis
759 2173 810 2211 non
829 2165 892 2226 erat,
914 2157 941 2210 in
962 2167 1051 2212 castra

116 2227 118 2230 ’
138 2224 217 2294 paulo
236 2235 298 2277 ante
317 2243 334 2277 a
354 2227 410 2279 suis
429 2236 507 2296 capta
527 2227 655 2297 pervenit.
705 2225 797 2278 unitari
817 2225 915 2278 deinde
936 2229 1048 2297 amicos,

137 2292 235 2362 quibus
251 2295 369 2348 maxime
386 2305 548 2366 assueverat,
565 2295 649 2366 jussit,
668 2295 767 2365 quippe
785 2311 890 2350 summa
908 2296 1050 2350 dumtaxat

166 2473 173 2494 ¹
184 2472 190 2491 ¹
200 2465 269 2514 with
280 2465 367 2516 Darius
375 2468 392 2524 ς’
405 2468 456 2516 tbat
468 2469 497 2526 is,
511 2470 551 2518 ‘in
561 2469 602 2519 tlte
613 2469 705 2518 service
716 2469 745 2518 os
756 2469 860 2520 Darius.’

165 2524 256 2574 'From
267 2526 479 2588 everythingelse.

165 2583 269 2654 ³‘Witb
280 2594 334 2633 torn
344 2587 484 2646 garmerus!
516 2587 624 2643 Abacuc,
636 2586 697 2636 from
708 2591 849 2648 decedere,
863 2592 946 2642 whose
958 2595 1046 2654 supine

135 2646 248 2693 mabam
257 2660 279 2702 ts
290 2644 332 2692 tbe
342 2660 409 2693 same
420 2659 447 2693 as
458 2645 510 2694 that
521 2645 549 2694 os
555 2648 676 2696 abscidere.
708 2647 771 2696 This
781 2650 836 2711 sign
846 2650 874 2699 ol
880 2651 942 2714 deep
953 2669 1047 2704 sorrow

136 2719 187 2791 was
198 2717 403 2811 fflefiytcglmmon
413 2719 459 2752 one
470 2705 495 2753 in
505 2705 600 2754 ancient
611 2706 692 2754 times.

184 2769 190 2790 ‘
240 2779 302 2812 sta
329 2779 350 2810 e.

165 2829 172 2854 ¹
183 2821 249 2889 unat
257 2822 286 2878 is,
300 2821 376 2878 Caesi,
387 2823 511 2884 interfecti.
529 2823 584 2872 The
593 2824 721 2874 cmalluess
730 2825 759 2874 of
765 2826 807 2876 tbe
815 2830 917 2878 number
924 2828 953 2877 of
960 2829 1044 2880 Mace·

135 2879 222 2928 doman
233 2880 335 2942 infantry
343 2882 399 2930 wbo
407 2897 472 2934 were
481 2882 542 2930 alain
553 2883 573 2930 is
585 2884 731 2946 surprisin33
744 2886 790 2934 and
801 2886 871 2935 other
879 2888 977 2937 authors
988 2891 1045 2952 give

135 2953 150 2985 a
161 2939 237 3006 larges
247 2943 364 2998 number;
382 2941 509 2998 Diodorus,
521 2941 558 2990 sor
568 2942 685 3000 instance,
698 2947 748 2992 300.
779 2945 849 2993 Even
859 2947 908 2995 this
919 2948 940 2995 is
951 2948 1044 3008 dispro-

135 3000 294 3066 portronately
303 3001 380 3050 small.
411 3000 460 3060 We
472 3011 545 3058 must,
559 3001 680 3059 however,
691 3003 747 3050 take
759 3004 808 3052 into
817 3006 992 3054 consideration
1002 3008 1045 3058 the

134 3058 1046 3178 tltttt‘tttttlttitilttlt'tttl‘ttt‘ttlt“lttffi‘l‘

134 3188 178 3222 our
188 3172 277 3222 doubts
288 3183 329 3222 too
340 3177 387 3234 lar;
405 3178 535 3226 otherwise
546 3194 584 3244 we
600 3179 677 3239 might
688 3189 712 3228 at
724 3195 783 3228 once
794 3141 1044 3235 doubnsthenomffi

134 3231 175 3280 the
187 3231 265 3280 whole
276 3242 342 3293 story
353 3236 381 3283 os
393 3236 556 3286 Alexander's
572 3239 719 3299 conquering
730 3239 793 3287 Asia
803 3241 863 3289 with
874 3243 935 3292 such
946 3260 960 3292 a
970 3247 1044 3296 small

132 3291 236 3340 number
245 3290 273 3339 of
285 3305 348 3360 rnen.
380 3293 445 3362 'i'hat
458 3295 558 3345 Curtius
574 3296 674 3345 himseli
681 3313 732 3346 was
743 3299 873 3358 surprised,
887 3302 907 3350 is
922 3303 1044 3355 indicated

132 3351 166 3456 by
175 3351 217 3456 the
227 3351 429 3455 mucconwbrcb,
443 3355 514 3404 wben
522 3354 606 3414 placed
616 3354 700 3411 altera
710 3358 827 3415 numeral,
836 3360 856 3408 is
867 3361 1006 3420 equivalent
1016 3373 1044 3414 tc

142 3425 174 3456 aa
186 3425 232 3465 um,
248 3415 293 3456 ‘on
304 3423 326 3467 y.

159 3473 168 3498 ⁸
181 3467 220 3515 On
231 3467 272 3516 tbe
283 3467 396 3530 meaning
406 3467 452 3518 and
463 3454 627 3521 ccustmctidn
637 3472 666 3521 of
676 3482 748 3530 stare,
760 3489 802 3524 see
815 3475 894 3526 Gran.
906 3478 981 3530 taes.
