2274 3844
470 224 563 266 arnan
583 227 635 266 vrr.
949 211 1009 268 2⁰9

90 339 200 393 bostem
230 334 381 390 incessendi
410 351 474 390 cura
503 343 584 388 esset.
620 335 764 390 Tormenta
791 333 869 390 saluti
894 336 1009 406 fuerunt,

90 409 191 478 quibus
214 408 240 460 in
265 407 396 458 confertos
419 423 452 458 ac
475 414 577 458 temere
601 423 630 458 se
653 405 796 459 offerentes
819 405 890 460 haud
916 407 1011 460 frustra

2 486 6 499 '
91 495 207 532 excussa
232 486 292 528 suut
316 475 379 528 tela.
420 471 528 528 Barbari
551 493 657 545 quoque
682 477 819 544 ingentem
831 477 887 530 vim
905 477 1009 546 sagitta·

92 566 152 604 rum
174 545 297 600 inludere
316 545 425 598 ratibus.
462 545 567 614 Vixque
580 545 664 600 ullum
676 545 726 598 suit
741 554 855 616 scutum,
872 545 943 616 quod
960 563 1010 600 uon

90 617 218 689 pluribus
227 615 307 668 simul
321 616 430 684 spiculis
441 616 624 684 perforaretur.

128 692 171 740 37.
190 689 306 754 Jamque
319 694 403 738 terrac
416 693 488 738 rates
504 685 712 754 applicabantur,
727 701 791 738 curn
807 686 881 738 acies
899 686 1013 756 clipeata

91 757 236 824 consurgit,
256 769 283 807 et
301 755 392 808 hastas
415 766 487 808 certo
507 755 568 821 ictu,
589 765 679 824 utpote
698 754 782 806 libero
801 756 878 822 nisu,¹
897 756 978 808 mittit
997 773 1012 808 e

91 829 203 880 ratibus.
241 827 275 878 Et
289 834 317 878 ut
336 824 440 887 territos
459 825 681 894 recipientesque²
698 841 781 893 equos
799 823 897 894 videre,
911 825 1014 878 alacres

91 905 187 951 mutua
210 895 393 950 adhortatione
417 895 444 946 in
468 904 564 948 terram
588 894 729 947 desiluere.
774 895 897 948 Turbatis
919 897 1014 948 acriter

90 967 192 1036 pedem
217 965 314 1018 inferre
339 973 491 1033 coeperunt.
536 965 662 1034 Equitum
686 963 783 1016 deinde
807 974 918 1032 turmae,
944 982 1013 1033 quae

90 1037 211 1090 frenatos
223 1035 359 1088 habebant
377 1051 467 1102 equos,
480 1033 632 1113 perfregere
650 1033 821 1088 barbarorum
839 1035 936 1088 aciem.
973 1035 1012 1088 Iu·

91 1109 173 1158 terim
190 1103 275 1157 ceteri
293 1103 400 1172 agmine
418 1103 604 1158 dimicantium
624 1105 688 1156 tecti
706 1113 832 1174 aptavere
852 1121 881 1156 se
898 1122 1012 1174 pugnae.

91 1177 153 1244 lpse
179 1192 235 1244 rex,
256 1174 326 1243 quod
348 1173 448 1241 vigoris
471 1191 551 1242 aegro
574 1175 663 1228 adhuc
687 1173 786 1243 corpori
810 1173 909 1244 deerat,
930 1175 1014 1228 animi

90 1246 219 1300 firmitate
243 1243 391 1313 supplebat.
440 1243 499 1298 Vox
524 1244 688 1296 adhortantis
714 1261 766 1298 non
794 1255 895 1314 poterat
921 1243 1013 1314 audiri,

90 1315 213 1368 nondum
240 1313 309 1366 bene
333 1314 449 1366 obducta
473 1315 596 1367 cicatrice
620 1315 739 1381 cervicis,
765 1313 813 1366 sed
837 1313 1012 1368 dimicantem

90 1385 183 1438 cuncti
208 1383 344 1437 videbant.
393 1384 486 1452 ltaque
510 1383 562 1506 ipsi
590 1383 690 1436 ducum
718 1383 896 1452 fungebantur
918 1383 1013 1454 officio,

89 1455 217 1524 aliusque
230 1453 313 1506 alium
326 1452 466 1521 adhortati,
480 1454 506 1506 in
538 1463 624 1506 ostem
642 1453 735 1506 salutis
748 1455 920 1508 immemores
938 1471 1014 1508 ruere

90 1533 247 1594 caeperunt.
283 1524 354 1576 Tum
378 1540 441 1576 vero
464 1539 515 1576 non
539 1540 592 1593 ora,
613 1541 666 1576 non
690 1541 771 1594 arma,
794 1540 845 1577 non
869 1524 1011 1578 clamarem

90 1594 211 1648 hostium
226 1592 328 1646 barbari
341 1593 453 1645 tolerare
465 1602 614 1662 potuerunt,
628 1610 707 1647 omne
742 1611 775 1646 ue
788 1593 884 1648 effusis
902 1594 1015 1648 habenis

89 1667 223 1733 (namque
242 1665 373 1732 equestris
389 1663 463 1716 acies
480 1661 548 1732 erat)
566 1611 829 1733 capessuntsiugam.
866 1664 939 1722 Quos
957 1679 1012 1730 rex,

88 1743 259 1804 quamquam
280 1732 461 1788 vexationem⁸
483 1732 592 1786 invalidi
616 1735 732 1802 corporis
754 1734 809 1803 pati
831 1750 883 1786 non
904 1744 1012 1804 poterat,

88 1823 135 1874 per
167 1804 264 1856 LXXX
292 1811 382 1855 tamen
412 1802 497 1855 stadia
525 1803 630 1872 insequi
659 1803 850 1871 perseveravit.
898 1805 1013 1872 Jamque

88 1875 231 1944 linquente
244 1872 332 1926 animo
345 1872 401 1926 suis
412 1873 556 1993 praecepit,
572 1881 599 1926 ut
611 1871 703 1924 ,donec
721 1873 789 1926 lucis
806 1873 905 1942 aliquid
924 1890 1013 1942 super·

88 1954 169 2012 esset,
192 1941 354 2010 fugientium
378 1943 459 2010 tergis
482 1942 507 1994 in
528 1952 664 1994 aererent:
690 1943 748 2012 ipse
772 1943 909 1996 exhaustis
931 1943 1013 1997 etiam

87 2015 171 2068 animi
186 2013 296 2081 viribus,
311 2013 337 2064 in
349 2022 436 2064 castra
448 2029 477 2064 se
490 2012 598 2080 recepit,
612 2012 757 2082 reliquum⁴
765 2013 890 2066 substitit.
918 2013 1012 2065 Trans·

87 2085 175 2138 ierant
196 2082 263 2153 jam
293 2081 381 2135 Liberi
409 2082 494 2135 Patris
520 2083 672 2152 terminosj⁶
698 2099 809 2151 quorum
839 2093 1014 2136 monumenta

87 2155 195 2224 lapides
219 2161 294 2204 eraut
318 2151 419 2206 crebris
442 2151 589 2206 intervallis
618 2151 746 2223 dispositi,
772 2153 932 2222 arboresque
956 2169 1012 2221 pro-

87 2242 177 2293 cerae,
200 2239 314 2292 quarum
338 2222 440 2290 stipites
460 2220 560 2280 hedera
580 2231 740 2276 contexerat.
777 2221 828 2276 Sed
849 2223 1014 2276 Macedonas

88 2297 127 2348 ira
155 2294 262 2361 longius
286 2292 419 2360 provexit:
451 2293 550 2362 quippe
574 2291 666 2345 media
689 2292 744 2346 lere
769 2301 846 2346 nocte
870 2293 1011 2362 redieruut,

87 2365 184 2418 multis
204 2361 358 2430 interiectis,
372 2359 492 2430 pluribus
510 2362 602 2430 captis,
616 2380 752 2434 equosque
765 2364 796 2418 M
809 2374 835 2418 et
848 2364 936 2418 DCCC
948 2363 1011 2417 abe·

86 2452 159 2502 gere.
199 2431 358 2487 Ceciderunt
381 2440 473 2484 antem
497 2431 679 2488 Macedonum
702 2435 807 2506 equites
830 2435 883 2506 LX,
908 2435 1012 2504 pedites

88 2507 108 2558 C
121 2503 189 2572 fere,
203 2501 277 2554 rnille
290 2501 375 2554 saucii
388 2501 502 2554 luerunt.

3 2581 4 2584 ’
125 2579 168 2626 38.
191 2573 263 2624 llaec
287 2568 423 2640 expeditio
447 2571 619 2626 deficientem
642 2591 741 2642 magna
763 2591 799 2628 ex
822 2584 896 2642 parte
917 2574 1010 2626 Asiam

88 2643 165 2696 fama
189 2657 245 2694 tam
269 2650 431 2710 opportunae
455 2642 580 2694 victoriae
604 2643 714 2696 domuit.
759 2643 876 2696 Invictos
898 2643 1012 2710 Scythas

88 2731 151 2766 esse
164 2711 347 2766 crediderant:
368 2711 467 2779 quibus
484 2712 574 2764 fractis
592 2713 695 2766 nullam
707 2721 816 2782 gentem
828 2713 1009 2765 Macedonum

118 2842 126 2864 ¹
140 2834 266 2881 ‘Because
277 2833 338 2880 with
349 2849 363 2880 a
373 2832 423 2880 free
436 2833 599 2893 (unimpeded)
611 2834 703 2882 struim’

117 2893 257 3002 thaking
269 2892 332 2940 back
343 2891 384 2940 the
401 2892 511 2951 heraes3’
527 2893 580 2942 thar
596 2893 626 2949 is,
640 2892 762 2952 wheeling
778 2891 855 2940 round
871 2893 918 2940 arrd
932 2893 1011 2956 riding

89 2957 134 3003 bae
155 2992 161 3002 .

118 3019 127 3042 ³
140 3013 213 3060 ‘The
225 3011 311 3059 sbakin
332 3011 346 3059 .'

119 3079 127 3102 ⁴
139 3074 181 3120 An
193 3072 292 3126 adverb,
315 3072 398 3119 ormed
410 3071 458 3120 like
470 3081 577 3126 remum,
587 3073 717 3134 plurimum
729 3077 779 3125 (see
793 3070 873 3121 Gran.
886 3071 899 3124 i
910 3076 962 3129 219,
976 3075 1007 3130 3),

90 3133 137 3182 ‘ha
148 3131 273 3180 remained
284 3130 320 3178 for
332 3131 372 3178 the
383 3142 433 3180 rest
444 3132 472 3180 os
483 3132 525 3179 the
537 3132 595 3178 time
607 3131 673 3190 quiet
685 3130 709 3178 in
719 3130 760 3178 the
772 3132 860 3191 camp!

118 3201 127 3224 ⁸
136 3193 220 3240 There
228 3207 278 3238 was
289 3205 319 3238 en
330 3189 371 3239 old
380 3189 492 3240 tradition
500 3191 551 3238 thet
559 3183 691 3259 Dionysius
698 3189 827 3244 (Bacchust
836 3191 883 3240 had
890 3193 1009 3242 extended

88 3252 127 3300 his
138 3251 271 3298 victoricus
286 3249 376 3307 march,
387 3250 467 3298 which
478 3250 525 3298 had
535 3249 570 3296 for
580 3250 611 3296 its
620 3251 710 3308 object,
721 3266 748 3298 or
756 3251 837 3300 rather
845 3251 950 3312 actually
959 3267 1008 3302 was

89 3311 162 3360 irself.
177 3311 219 3357 dre
231 3309 359 3370 spreading
367 3310 396 3358 os,
403 3310 443 3357 tha
452 3309 592 3357 cultivation
601 3308 630 3356 os
637 3309 678 3357 the
687 3309 751 3366 vine,
761 3327 787 3359 os
795 3311 830 3360 sar
838 3328 865 3360 as
875 3311 922 3360 this
932 3313 1007 3360 bouu-

89 3371 147 3430 dary
160 3373 273 3418 between
285 3369 373 3417 settled
384 3368 430 3417 and
442 3367 628 3416 nomadicAsia.
660 3370 684 3418 A
694 3369 751 3432 long
759 3387 810 3419 row
818 3371 846 3420 ol
853 3381 935 3420 atoncs
947 3381 1007 3430 (per-

90 3431 149 3490 haps
161 3445 193 3476 on
206 3429 254 3476 this
266 3429 317 3476 side
328 3428 356 3476 cf
368 3429 409 3476 tbe
421 3427 543 3482 Jaxartes)
559 3428 606 3477 and
622 3429 778 3490 ivy-covered
795 3443 858 3479 trees
870 3445 934 3478 were
950 3447 1006 3480 con-

90 3489 186 3538 sidered
198 3491 230 3546 by
242 3488 282 3535 the
296 3487 468 3537 Macedonicus
480 3504 506 3536 aa
517 3488 599 3538 marks
611 3489 667 3538 how
678 3489 713 3539 far
723 3490 856 3550 Dionysius
871 3487 920 3540 had
930 3507 1007 3542 coma.

199 3553 228 3600 14
522 3553 555 3602 12
