2274 3844
114 220 169 276 too
377 235 416 275 oa
439 235 545 276 cassis
567 235 752 276 niaximum.

111 359 205 414 aspera
227 343 256 396 iu
279 343 410 397 Philotam
431 345 547 397 oratione
568 344 726 397 commovit:
752 343 868 412 proditos
890 357 938 394 eos
960 353 1022 394 esse

112 413 244 467 barbaris:
268 413 403 466 nemiuem
427 413 462 466 ad
485 413 625 482 conjugem
646 430 731 482 suam,
751 415 776 468 iu
797 413 918 483 patriam,
940 410 1022 464 etad

112 491 234 552 parentas
256 481 339 536 luisse
363 482 521 536 rediturum:
551 483 625 535 velut
648 492 769 535 truncum
793 499 889 551 corpus
911 481 1023 549 dempto

113 552 207 621 capite,
231 552 288 604 sine
311 553 410 622 spiritu,
434 553 491 604 sine
513 553 628 620 nornine,
653 551 741 604 aliena
763 553 851 618 terra,¹
876 550 1022 604 ludibrium

114 621 196 672 hostis
213 619 320 674 futuros.
356 621 567 690 Haudquaquam
581 639 626 690 pro
639 639 686 690 spe
698 621 781 690 ipsius
792 625 928 691 Amyntae
940 619 1024 670 oratio

113 699 186 757 grata
208 692 263 758 regi
287 689 344 758 luit,
368 690 437 760 quod
467 691 619 760 conjugum,
644 691 713 759 quod
744 692 844 759 patriae
873 689 1025 746 admonitos

113 759 238 828 pigriores
249 758 284 812 sd
296 769 384 812 cetera
396 760 487 812 munia
499 761 655 830 exequenda
668 760 795 812 lecisset.²

149 832 190 880 36.
208 829 284 882 Tunc
301 830 413 898 Coenus,
432 832 594 899 quamquam
616 829 736 882 Philotae
754 845 868 881 sororem
888 828 1026 882 matrimo-

114 898 202 950 monio
220 915 313 951 secum
327 898 506 968 conjunxerat,
522 909 611 952 tamen
629 899 717 952 acrius
735 915 814 966 quam
834 899 977 966 quisquam
999 897 1027 948 in

114 967 246 1022 Philotam
263 969 384 1020 invectus
401 976 449 1036 est,
469 967 626 1037 parricidam
645 985 705 1019 esse
724 967 801 1035 regis,
821 969 930 1036 patriae,
950 983 1027 1019 exer·

114 1037 190 1108 citus,
210 1038 363 1091 clamitans:
382 1055 538 1107 saxumque,
556 1038 625 1105 quod
644 1037 709 1088 forta
727 1046 789 1088 ante
807 1037 892 1106 pedes
908 1036 1027 1106 jacebat,

113 1108 227 1176 arripuit,
241 1107 387 1160 emissurus
405 1107 430 1159 in
448 1124 527 1175 eum,
545 1116 574 1159 ut
589 1107 708 1175 plerique
727 1107 871 1172 credidere,
887 1107 1029 1158 tormentis

114 1177 268 1230 subtrahere
286 1178 404 1245 cupiens.
440 1177 491 1229 Sed
511 1193 557 1228 rex
574 1193 681 1228 manum
701 1175 761 1245 ejus
778 1175 900 1242 inhibuit,
917 1174 1027 1227 dicendi

133 1247 185 1299 rius
196 1245 425 1299 causam³debere
443 1245 500 1298 fieri
518 1255 678 1314 potestatem
692 1261 742 1313 reo,
756 1261 807 1298 uec
818 1245 897 1296 aliter
910 1245 1028 1314 judicari

114 1263 256 1368 lassorum
281 1332 317 1383 se,
341 1315 486 1367 affirmans.
521 1315 590 1367 Turn
614 1316 703 1366 dicere
727 1331 801 1366 orsus
823 1314 949 1382 Philotas,
970 1315 1029 1366 sive

115 1385 276 1437 couscientia
289 1385 388 1452 scleris,
402 1384 459 1435 sive
506 1383 578 1436 riouli
597 1384 788 1451 magnitudine,
801 1400 896 1436 amens
915 1394 942 1435 et
961 1393 1028 1436 atto·

114 1456 191 1520 nitus,
210 1470 260 1506 non
279 1452 399 1505 attollere
416 1469 512 1522 oouos,
532 1470 584 1508 non
603 1453 716 1506 hiscere⁴
733 1453 858 1520 audebat,
896 1453 1031 1505 Lacrimis

114 1523 211 1575 deinde
234 1521 411 1588 manantibus,
431 1522 565 1590 linquente
585 1524 694 1590 animo,⁵
712 1523 736 1574 irt
751 1539 827 1590 eum,
846 1540 862 1574 a
880 1539 935 1590 quo
955 1535 1029 1574 tene·
1115 1521 1120 1532 '

116 1593 199 1660 batur,
218 1592 354 1644 incubuit:
375 1591 555 1662 abstersisque
573 1593 687 1644 amiculo
705 1591 764 1660 ejus
782 1591 874 1660 oculis,
893 1591 1028 1660 paulatim

115 1662 244 1730 recipiens
267 1656 386 1731 spiriturn
412 1679 444 1712 ac
468 1678 569 1729 vocem,
589 1661 708 1714 dicturus
727 1661 874 1714 videbatur.
911 1663 1030 1730 Jamque

115 1746 167 1798 rex,
181 1731 286 1784 intuens
298 1747 368 1798 eum,
382 1729 553 1796 Macedones,
574 1730 665 1800 inquit,
685 1731 719 1782 de
738 1740 763 1782 te
782 1730 926 1800 judicaturi
945 1741 1024 1784 sunt:

113 1815 218 1867 quaero,
237 1817 270 1853 an
289 1801 372 1870 patrio
391 1817 510 1852 sermone
529 1802 565 1852 sis
582 1801 651 1868 apud
671 1817 717 1852 eos
736 1817 837 1854 usurus,
875 1801 946 1852 Tum
968 1801 1029 1852 Phi-

114 1867 186 1936 lotas,
220 1870 327 1922 Praeter
356 1869 538 1936 Macedonas,⁶
561 1869 653 1938 inquit,
679 1869 800 1938 plerique
828 1870 935 1938 adsunt,
960 1887 1031 1938 quos

114 1936 219 1992 facilius
243 1955 311 2008 quae
336 1939 424 2001 dicam
448 1952 616 2008 percepturos
636 1939 752 2005 arbitror,
774 1941 796 1991 ei
818 1939 915 1992 eadem
938 1938 1029 2006 lingua

115 2007 186 2059 suero
204 2025 275 2076 usus,
289 2026 342 2078 qua
354 2017 383 2061 tu
396 2008 480 2078 egisti,
494 2025 543 2060 non
563 2008 596 2064 ob
613 2007 693 2074 alind,
707 2007 793 2066 oredo,
807 2025 887 2076 quam
903 2017 932 2060 ut
945 2011 1030 2062 oratio

115 2089 159 2129 tua
180 2078 291 2146 intelligi
310 2085 398 2147 posset
418 2095 434 2129 a
453 2077 580 2148 pluribus.
617 2078 685 2129 Turn
708 2095 759 2144 rex,
785 2078 898 2146 Ecquid⁷
920 2079 1026 2146 videtis,

113 2149 180 2199 adeo
198 2147 279 2200 etiam
298 2148 427 2200 sermonis
445 2147 522 2217 patrii
541 2145 671 2198 Philotam
691 2147 818 2200 taederel
838 2147 910 2200 solus
927 2149 1027 2218 quippe

114 2216 214 2268 fastidit
232 2235 297 2270 eum
315 2217 426 2270 discere.
461 2217 682 2284 Seddioat'sane,
697 2226 830 2284 utcunque
843 2217 867 2269 ei
881 2217 956 2270 oordi
970 2219 1029 2286 eet,s

113 2287 177 2337 dum
196 2287 392 2356 memineritis,⁹
409 2301 495 2355 aeque
514 2286 588 2338 illurn
606 2303 622 2336 a
640 2295 727 2338 nostro
745 2303 826 2355 ruore,
846 2303 929 2356 quam
945 2306 962 2340 a
974 2305 1027 2340 ser·

113 2371 192 2405 mone
203 2355 353 2408 abhorrere.
389 2357 477 2424 Atque
491 2357 526 2406 ita
538 2357 659 2407 contione
673 2357 797 2408 excessit.

148 2427 189 2475 37.
208 2425 277 2478 Tum
298 2424 422 2492 Philotas,
439 2425 533 2492 Verba,
551 2425 641 2493 inquit,
661 2425 793 2478 innocenti
811 2427 928 2494 reperire
948 2427 1029 2480 facile
1122 2457 1126 2466 ·

114 2505 161 2559 est,
180 2493 288 2546 modurn
305 2493 444 2546 verborum
464 2495 560 2546 misero
579 2506 669 2547 tenere
688 2494 807 2546 difficile.
844 2495 940 2565 ltaque
960 2498 1029 2550 inter

113 2565 241 2632 optimam
253 2563 442 2616 conscientiam
454 2572 480 2615 et
493 2563 686 2631 iniquissimam
706 2564 835 2618 fortunam
850 2562 1029 2636 destitutus',¹⁰

113 2635 201 2702 ignoro
218 2633 350 2702 quomodo
368 2642 394 2687 et
413 2635 501 2686 anirno
519 2650 587 2701 mec,
607 2641 634 2685 et
653 2635 764 2702 tempori
785 2651 903 2702 paream.
941 2637 1028 2688 Abest

112 2704 221 2773 quidem
238 2702 355 2773 optimus
372 2719 470 2756 causae
489 2719 565 2754 meae
583 2701 672 2772 judex,
686 2703 732 2771 qui
745 2719 791 2756 our
803 2721 847 2756 me
860 2704 919 2774 ipse
931 2705 1028 2757 audire

142 2838 148 2860 ¹
162 2831 204 2878 ‘In
215 2847 229 2879 a
239 2831 331 2892 foreign
342 2831 414 2880 land’
449 2831 567 2889 Compare
579 2830 610 2877 iv.
623 2833 644 2878 6.

140 2896 151 2920 ²
161 2891 216 2938 The
224 2891 376 2951 subjunctive
386 2890 470 2938 makes
482 2889 523 2937 the
535 2905 606 2938 sense
617 2900 642 2936 to
654 2890 683 2936 be
694 2891 756 2948 quod
763 2891 860 2950 perator
871 2892 1027 2950 eumfaciase.

141 2954 149 2977 ³
160 2949 214 2996 The
223 2966 289 2997 more
299 2951 368 2998 usual
377 2949 541 2998 construction
550 2949 570 2996 is
578 2965 663 2996 coerce
668 2949 784 2996 dicendae.
803 2948 850 2995 See
859 2948 942 2998 Grani.
951 2950 965 3001 l
973 2955 1027 3003 392.

123 3008 337 3074 ,⁴‘l'oopenhis
348 3010 449 3058 mouth!
507 3033 509 3038 a
702 3065 706 3074 Ι

141 3067 188 3136 {ln
207 3067 256 3115 this
277 3068 363 3135 phrase
379 3071 485 3130 linquere
500 3067 536 3116 for
551 3068 721 3133 relinquerem
739 3073 859 3123 common¹
878 3067 932 3116 also
947 3070 1030 3131 linqui

111 3142 196 3232 αᾚοε.
208 3193 233 3251 tp
243 3184 291 3231 this
302 3183 371 3240 form,
384 3201 426 3234 see
440 3185 519 3234 Gram.
531 3186 591 3241 ilo,
605 3189 626 3235 7.

99 3295 105 3302 ,
134 3247 148 3292 f
198 3242 436 3292 arvalenttoncrrne.

121 3307 182 3407 '2‘12
199 3300 308 3406 ,3ῗὲῗέ
319 3301 646 3410 :lttttltttlhll'te
658 3303 720 3410 zsdi
730 3301 924 3425 ‘l'l'lrl2ll‘fl

110 3378 316 3522 fflssssfflmd’,
329 3416 447 3478 irnplying
457 3420 508 3468 that
524 3382 586 3468 ligia
597 3422 670 3482 giren
685 3377 784 3480 uppidm
799 3381 976 3472 rne'henss'of
987 3423 1028 3474 h'm
