2274 3844
105 227 160 284 tta
364 241 403 280 os
426 240 533 281 crsrrs
555 241 739 282 insulsum.

102 351 214 418 exuitur,
228 348 293 402 deos
304 349 407 419 patrios,
420 348 540 418 gentium
557 347 615 418 jura
633 351 812 420 nequicquam
830 349 902 420 apud
920 346 1013 402 surdas

102 437 181 474 aures
204 419 351 471 invocabat.
395 419 446 471 Per
466 417 573 472 ultimos
592 417 690 472 deinde
711 421 851 489 curciatus,
872 427 962 489 utpote
984 426 1012 469 et

102 491 250 557 damnatus,
261 499 287 540 et
300 487 414 542 inimicis
426 489 452 542 in
464 487 577 556 gratiam
591 487 660 554 regis
672 490 861 559 torquentibus,
872 489 1012 542 laceratur.

103 563 144 613 Ao
161 559 245 627 primo
262 574 426 627 quamquam
443 557 505 610 binc
524 557 599 625 ignis,
619 558 690 610 illinc
703 558 820 628 verbera,
833 557 889 628 jam
907 574 959 610 non
977 556 1013 608 ad

102 628 294 698 quaestionem,
308 627 354 678 sed
367 626 402 678 ad
414 643 527 698 poenam
545 626 740 696 ingerebantur,
753 646 805 680 non
817 645 913 680 vocem
924 625 1013 694 modo,

103 696 246 750 sedetiam
260 698 379 765 gemitus
397 696 490 749 habuit
509 696 535 748 in
555 704 701 767 potestate5
720 697 766 750 sed
786 707 926 767 postquam
946 697 1014 748 intu-

103 783 229 820 mescens
250 783 345 835 corpus
369 765 502 818 ulceribus
525 765 689 833 flagellorum
714 768 782 819 ictus
805 767 885 820 nudis
908 765 1016 819 ossibus

104 837 223 890 incussos
243 836 310 888 serre
329 853 381 888 non
404 845 513 905 poterat,
535 835 557 886 si
582 837 719 889 tormentis
738 836 881 890 adhibituri
903 835 1016 889 modum

103 916 201 976 essent,
218 906 350 958 dicturum
369 922 407 974 se,
422 921 491 974 quae
511 905 578 958 scire
596 914 760 974 expeterent,
780 905 925 975 pollicetur.
962 902 1015 957 Sed

103 975 186 1030 finem
209 975 357 1046 quaestioni
380 974 443 1043 lore,
466 973 553 1043 jurare
577 991 624 1026 eos
653 991 700 1043 per
723 975 867 1028 Alexandri
899 975 1016 1028 salutem

104 1043 216 1114 volebat,
230 1044 414 1113 removerique
427 1052 543 1096 tortores.
570 1044 604 1096 Et
617 1052 726 1114 utroque
739 1044 887 1113 impetrato,
898 1045 1015 1106 cratere,

104 1117 196 1185 inquit,
215 1115 259 1168 dic
276 1113 340 1184 quid
361 1131 405 1166 me
424 1113 490 1166 velis
507 1113 605 1166 dicere.
642 1114 689 1166 lllo
711 1113 862 1183 indignante
883 1113 1016 1167 ludificari

104 1201 176 1254 euru,
201 1201 341 1254 rursusque
366 1192 506 1236 revocante
530 1192 647 1259 torpores,
669 1191 776 1252 tempus
817 1196 890 1236 etere
915 1182 1012 1252 coepit,

104 1253 170 1308 dum
183 1256 311 1324 reciperet
329 1253 459 1323 spiritum,
472 1261 568 1306 cuncta
579 1270 649 1323 quae
667 1254 745 1305 sciret
762 1201 937 1309 indicaturus.
975 1252 1016 1304 ln·

105 1324 181 1378 terim
194 1326 305 1393 equites,
318 1323 496 1376 nobilissimus
507 1323 627 1392 quisque,
641 1331 667 1374 et
680 1323 697 1374 ii
710 1323 834 1392 maxime,
848 1323 894 1391 qui
907 1322 1016 1374 Parme·

105 1395 211 1446 nionem
229 1394 373 1463 propinqua
390 1392 547 1460 cognatione
565 1391 759 1461 contingebant,
773 1404 914 1462 postquam
927 1390 1015 1446 Philo·

105 1475 159 1516 tarn
173 1463 287 1531 torqueri
300 1461 372 1514 lama
384 1461 545 1529 vulgaverat,
560 1461 649 1530 legem
667 1461 845 1514 Macedonum
859 1461 947 1529 veriti,
961 1475 1016 1530 qua

105 1541 214 1585 cautum
233 1541 296 1600 erat,
316 1539 344 1583 ut
363 1531 500 1600 propinqui
519 1548 620 1598 eorum,
637 1532 683 1599 qui
703 1531 757 1598 regi
778 1531 897 1584 insidiati
916 1537 1014 1599 essent,

105 1617 166 1654 cum
180 1601 243 1670 ipsis
254 1609 418 1668 necarentur,
429 1600 474 1652 alii
486 1617 516 1653 se
529 1601 695 1669 interficiunt,
708 1599 753 1653 alii
766 1601 793 1652 in
804 1600 897 1652 devios
910 1607 1016 1654 montes

106 1681 247 1738 vastasque
268 1669 421 1722 solitudines
432 1669 544 1739 fugiunt,
558 1670 656 1738 ingenti
675 1685 722 1739 per
739 1679 793 1723 tota
811 1679 898 1722 castra
918 1679 1015 1722 terrore

105 1738 219 1807 diffuso,
245 1739 330 1794 donec
353 1757 408 1809 rex,
434 1739 549 1794 tumultu
576 1740 686 1808 cognito,
712 1738 801 1809 legem
823 1739 858 1792 de
885 1738 1015 1810 supplicio

105 1809 303 1878 conjunctorum
315 1809 462 1863 insontibus
474 1809 607 1862 remittere
620 1809 711 1862 edixit.

140 1883 181 1931 43.
201 1877 318 1932 Philotas
335 1896 432 1932 verone
455 1896 489 1932 an
513 1878 652 1932 mendacio
676 1877 787 1932 liberare
808 1895 838 1931 se
858 1895 875 1932 a
896 1879 1015 1931 cruciatu

105 1948 224 2018 voluerit,
238 1965 337 2018 anceps
353 1948 503 2018 conjectura
520 1961 569 2017 est,
582 1948 706 2017 quoniam
719 1957 746 2002 et
758 1965 820 2000 vera
838 1947 971 2001 confessis
989 1955 1016 2000 et

105 2017 172 2072 falsa
183 2019 333 2070 dicentibus
344 2017 416 2070 idern
428 2017 590 2070 dolorisfinis
599 2017 744 2070 ostenditur
753 2019 769 2070 :¹
784 2026 913 2085 ceterum,
927 2018 1014 2087 Pater,

106 2089 196 2156 inquit,
211 2105 287 2140 meus
305 2085 458 2155 Hegelocho
470 2104 552 2155 quam
564 2086 727 2140 familiariter
739 2105 804 2140 usus
821 2088 862 2155 sit,
877 2104 930 2140 non
943 2088 1014 2156 igno·

105 2159 182 2208 ratis:
202 2157 275 2208 illum
294 2156 352 2208 dico
370 2156 561 2225 Hegelochum,
575 2155 659 2225 quiin
677 2158 734 2209 acie
752 2156 849 2210 cecidit
858 2157 876 2208 :²
893 2159 1015 2210 omnium

104 2227 232 2278 malorum
254 2225 391 2278 nobisluit
403 2242 491 2278 cansa.
527 2227 599 2279 Nam
617 2244 678 2279 curn
700 2227 816 2296 primum
834 2227 909 2280 lovis
927 2227 1013 2280 filiurn

104 2312 134 2346 se
158 2293 264 2346 salutari
286 2293 374 2363 jussit³
398 2312 451 2365 rex,
473 2295 499 2347 id
524 2295 631 2363 indigne
652 2295 741 2349 serens
764 2297 817 2366 ille,
840 2295 911 2349 huno
935 2296 1015 2364 igitur

105 2381 191 2431 regem
216 2365 393 2432 agnoscimus,
419 2364 511 2434 inquit,
532 2366 578 2434 qui
602 2365 753 2435 Philippum
776 2365 947 2433 dedignatur⁴
967 2383 1013 2434 ps·

105 2433 191 2486 treml
209 2441 299 2484 actum
317 2443 357 2484 est
376 2433 410 2485 de
429 2434 513 2504 uobis,
534 2437 555 2486 si
574 2435 624 2487 ista
643 2436 746 2505 perpeti
765 2452 915 2506 possumus.
952 2436 1013 2488 Non

104 2501 226 2556 homines
246 2502 339 2570 solum,
354 2503 402 2555 sed
422 2503 501 2556 etiam
523 2505 589 2556 deos
606 2503 727 2574 despicit,
746 2507 791 2572 qui
810 2504 926 2576 postulat
945 2505 1013 2559 deus

103 2575 197 2626 credi⁵
231 2572 379 2626 Amisimus
391 2572 581 2643 Alexandrum,
595 2575 734 2626 amisimus
746 2591 852 2643 regern,
868 2573 1014 2629 incidimus

103 2643 127 2696 in
148 2643 305 2713 superbiam,
320 2660 369 2695 neo
388 2642 446 2711 dits,
460 2643 555 2712 quibus
574 2660 603 2696 se
622 2652 761 2713 exaequat,
780 2661 831 2697 nec
850 2643 1011 2712 hominibus,

121 2714 198 2766 uibus
222 2730 250 2765 se
275 2713 376 2782 eximit,
402 2712 576 2766 tolerabilem.
620 2713 750 2766 Nostrone
775 2714 903 2781 sanguine
928 2714 1011 2766 deum

101 2730 224 2852 lecimus,
246 2785 290 2890 qui
314 2799 362 2835 nos
384 2781 522 2836 fastidiat?
547 2783 592 2852 qui
615 2791 738 2851 gravetur
758 2783 911 2836 mortalium
936 2784 1011 2837 adire

101 2853 262 2906 concilium.
307 2853 412 2906 Credite
442 2851 517 2922 mini,
542 2862 569 2905 et
593 2869 647 2918 nos,
672 2851 694 2904 si
717 2851 765 2904 viri
795 2870 896 2920 sumus,
920 2871 938 2906 a
962 2853 1013 2906 diis

131 3025 137 3047 ¹
149 3019 211 3066 This
223 3020 243 3066 is
255 3036 268 3067 s
279 3035 337 3080 very
348 3019 451 3080 striking
463 3019 566 3074 remark,
580 3019 625 3066 and
637 3019 709 3069 clenrl
738 3019 820 3069 shows
832 3021 873 3069 tlte
885 3021 1011 3082 absurdity

101 3076 129 3126 cf
135 3078 270 3184 thqeqsqoqs
276 3089 366 3126 tortura
378 3095 404 3126 ns
415 3095 430 3127 a
440 3094 523 3128 means
534 3077 562 3126 ol
567 3078 674 3140 eliciting
684 3036 837 3128 inllirmation
848 3095 876 3128 or
886 3081 1012 3142 obtaining

101 3153 271 3254 agollrobablp
282 3195 306 3242 iu
322 3194 362 3242 the
378 3195 454 3244 battle
470 3195 498 3243 of
511 3196 611 3255 Arbela,
625 3213 652 3246 as
667 3197 822 3246 commender
832 3197 861 3245 of
872 3213 918 3246 one
930 3198 959 3247 of
971 3199 1011 3248 the

100 3256 166 3317 eight
178 3264 259 3312 troops
269 3254 297 3301 of
305 3253 463 3302 Macedonian
475 3255 515 3304 lrn'
534 3257 582 3305 hts.

129 3321 138 3345 ³
148 3314 197 3362 We
208 3322 294 3372 expect
311 3312 351 3380 the
367 3272 625 3398 pluperlectffiecause
636 3315 685 3363 this
696 3315 776 3364 action
786 3316 806 3364 is
818 3316 958 3376 completed
968 3319 1009 3366 be·

100 3373 150 3422 Μ
161 3373 202 3419 “¹⁰
213 3382 271 3498 '¹⁹¹¹‘
283 3373 382 3487 billi}
391 3373 751 3496 llllllri'sl'ltllhm:

130 3488 184 3534 ¹As
195 3496 220 3532 to
230 3487 278 3535 this
289 3497 453 3535 construction
463 3485 490 3534 cs
500 3491 627 3546 postulare,
640 3505 682 3538 sss
694 3489 791 3552 Zumpt,
804 3491 818 3543 i
828 3495 881 3550 61³,
893 3503 960 3544 note.

129 3436 137 3459 ⁴
150 3429 289 3477 ‘Considera
