2294 3842
509 246 602 296 arura
620 253 651 294 rr.
983 239 1040 295 ccl

131 357 288 428 se'q'rrssisse
305 360 454 430 respondit:
479 370 599 416 ceterum
618 377 671 416 non
690 362 790 416 debere
810 361 966 418 tumultuari
985 379 1040 436 eos,

131 427 287 482 Perdiccam
300 432 371 482 enirn
384 431 481 485 vivere.

143 501 208 549 ce.
227 499 309 567 Igitur
332 502 453 554 contione
476 502 588 554 dimissa
611 502 758 572 Meleager,
780 503 900 572 equitum
923 503 1042 558 marium

130 564 284 621 defectione
306 571 464 642 perterritus,
489 572 616 640 inopsque
640 571 744 624 consilii
767 572 876 643 (quippe
903 572 929 626 in
953 574 1042 644 ipsum

129 637 281 703 periculum
304 639 440 709 reciderat,
465 641 536 712 quod
559 641 668 694 inimico
691 640 770 712 paulo
790 651 851 694 ante
872 643 1041 714 intenderat),

129 705 248 760 triduum
266 707 323 760 iere
342 712 503 781 consumpsit
520 711 622 762 incerta
633 711 743 766 consilia
754 711 893 764 volvendo.
930 712 964 766 Et
975 714 1042 783 pris·

130 774 185 828 tina
197 777 307 846 quidem
320 779 407 846 regiae
420 780 524 850 species
534 780 678 834 manebat:
699 797 761 834 narn
779 790 807 834 et
824 781 906 850 legati
919 783 1042 850 gentium

130 859 221 912 regern
242 846 358 916 adibant,
378 856 405 900 et
429 849 565 918 copiarum
588 850 673 904 duces
691 851 809 920 aderant,
831 859 858 904 et
878 851 1041 906 vestibulum

128 915 260 968 satellites
282 917 431 986 armatique
454 919 661 988 compleverant.
698 920 750 973 Sed
769 920 864 990 ingene
881 935 930 973 sua
948 930 1042 990 sponte

128 987 264 1038 maestitia
283 986 393 1040 ultimae
413 987 607 1058 desperationis
626 988 707 1042 index
727 999 791 1058 erat,
811 993 982 1060 suspectique
1003 992 1041 1044 in·

126 1053 219 1107 ricem
242 1073 295 1108 non
318 1056 393 1109 adire
415 1058 528 1129 propius,
549 1074 602 1110 non
625 1058 739 1128 colloqui
759 1060 902 1129 addocent,
924 1069 1042 1114 secretas

128 1124 303 1190 cogitationes
326 1126 395 1179 intra
415 1143 444 1180 se
464 1143 569 1198 quoque
589 1127 720 1198 volvente,
742 1137 823 1182 etex
844 1146 904 1182 corn
941 1129 1042 1184 ratione

128 1193 199 1260 regis
223 1195 283 1246 novi
307 1196 471 1250 desiderium
494 1197 660 1250 excitabatur
682 1199 783 1252 amissi.
819 1198 872 1252 Ubi
895 1199 939 1252 ile
959 1208 1039 1270 esset,

127 1261 207 1332 cujus
225 1265 376 1334 imperium,
392 1267 469 1336 cujus
486 1266 647 1337 auspicium¹
665 1269 750 1321 secuti
768 1277 849 1338 erant,
863 1268 1040 1338 requirebant⁴

128 1331 277 1386 Desrirmos
295 1351 323 1387 se
342 1336 410 1388 inter
428 1337 537 1390 infestas
553 1337 749 1407 indomitasque
761 1347 863 1408 gentes,
878 1339 1041 1408 expetituras

128 1409 166 1452 tot
186 1419 293 1457 suarum
312 1404 427 1458 cladium
448 1421 554 1475 poenas,
573 1407 785 1477 quandocunque
802 1408 891 1460 oblata
909 1417 980 1461 esset
996 1425 1041 1462 oe·

127 1472 210 1524 casio.
248 1475 295 1526 His
313 1474 515 1544 cogitationibus
534 1476 637 1530 animos
660 1477 831 1547 eredebant,i
855 1495 918 1530 curn
940 1494 1040 1532 annun-

128 1541 217 1610 tiatur,
230 1543 342 1613 equites,
355 1545 400 1614 qui
414 1545 464 1597 sub
476 1544 603 1598 Perdicca
615 1556 711 1616 essent,
725 1547 862 1618 occupatis
873 1547 943 1600 circa
955 1547 1041 1618 Baby·
1053 1572 1054 1576 ¹

127 1609 190 1662 lona
202 1614 312 1682 campis,
321 1615 494 1684 frumentum,
504 1615 575 1684 quod
588 1615 612 1668 in
623 1617 717 1670 urbem
726 1617 880 1687 vehebatur,
891 1617 1041 1672 retinuisse.

126 1679 222 1748 Itaque
241 1683 327 1752 inopia
344 1685 467 1753 primurn,
484 1684 582 1737 deinde
600 1685 688 1738 fames
705 1701 765 1738 esre
783 1688 887 1757 coepit,
906 1687 996 1756 etqui
1014 1687 1041 1740 in

125 1749 195 1802 urbe
212 1762 287 1804 erant
304 1762 351 1806 aut
369 1753 591 1807 reconciliandam
610 1771 674 1809 cum
694 1755 822 1808 Perdicca
840 1757 974 1826 gratiam,³
993 1766 1040 1810 aut

126 1820 211 1872 armis
223 1823 380 1875 certandum
392 1839 452 1874 csse
464 1823 617 1877 censebant.
654 1824 732 1877 Forte
750 1826 789 1878 ita
799 1825 942 1894 acciderat,
955 1834 983 1880 ut
995 1827 1042 1896 qui

127 1889 154 1942 in
170 1891 242 1958 agris
257 1900 339 1961 erant,
352 1891 549 1962 populationem
562 1893 686 1946 villarum
698 1895 871 1964 vicorumque
882 1896 966 1964 veriti,
980 1912 1041 1948 con·

126 1957 252 2026 fugerent
270 1962 296 2014 in
316 1963 418 2030 urbem,
432 1962 563 2032 oppidani,
577 1979 639 2015 cunr
655 1963 736 2032 ipsos⁴
747 1964 875 2016 alimenta
886 1962 1039 2034 deficerent,

124 2029 195 2082 urbe
207 2031 377 2102 excederent,
391 2040 418 2084 et
435 2032 538 2101 utrique
555 2033 647 2102 generi
665 2035 744 2086 tutior
758 2033 848 2086 aliena
859 2032 945 2103 sedes,
959 2049 1040 2103 quarn

126 2115 185 2166 aua,
199 2100 341 2154 videretur.
1026 2163 1029 2168 ,

163 2173 206 2222 27.
227 2169 346 2228 Quorum
363 2173 603 2224 consternationem
622 2171 787 2224 Macedones
798 2171 884 2242 veriti,
898 2171 925 2226 in
938 2171 1039 2240 regiam

125 2242 232 2309 coeunt,
241 2257 364 2310 quaeque
377 2241 495 2310 ipsorum
508 2241 640 2293 sententia
652 2249 731 2304 esset,
742 2251 884 2310 exponunt.
914 2241 1041 2297 Placebat

125 2318 217 2364 autern
231 2310 333 2380 legatos
344 2310 378 2362 ad
391 2311 495 2379 equites
506 2311 574 2362 mitti
587 2310 621 2362 de
634 2310 750 2362 finienda
761 2310 895 2363 discordia
906 2311 1041 2380 armisque

161 2381 266 2432 nendis.
303 2380 385 2448 igitur
396 2397 414 2430 a
426 2396 487 2448 rege
500 2379 602 2446 legatur
618 2380 700 2432 Pasas
712 2379 865 2450 Thessalus,
878 2389 905 2432 et
918 2381 1041 2434 Amissus

125 2395 376 2518 biegalopolitanus,
390 2457 417 2501 et
430 2449 563 2501 Perilaus:
582 2449 628 2518 qui
646 2465 709 2503 cunr
722 2449 848 2502 mandata
859 2450 929 2520 regis
941 2449 1040 2503 edidis-

125 2528 195 2588 sent,
208 2537 260 2572 non
272 2519 352 2570 aliter'
361 2520 491 2588 posituros
501 2533 577 2570 arrna
588 2520 701 2589 equites,
711 2535 792 2588 quam
802 2519 824 2572 si
837 2534 882 2573 rex
891 2519 1041 2572 discordiae

125 2599 250 2641 auctores
269 2588 424 2656 dedidisset,
445 2587 528 2640 tulere
548 2605 713 2657 responsum.
750 2590 798 2641 llis
816 2591 971 2642 renuntiatis
992 2605 1041 2641 erra

127 2654 223 2726 sponte
236 2675 311 2710 arma
323 2658 423 2711 milites
435 2656 563 2726 capiunt.⁶
598 2657 714 2715 Quorum
732 2657 848 2710 tumultu
859 2675 878 2709 e
890 2659 964 2726 regia
981 2657 1042 2711 Phi·

124 2725 215 2796 lippus
226 2729 338 2797 excitus,
351 2725 432 2791 Nihil,
446 2726 539 2796 inquit,
553 2726 682 2779 seditione
696 2735 736 2778 est
748 2743 823 2794 opus.
847 2727 919 2779 Nam
931 2729 999 2779 inter
1011 2744 1042 2780 se

125 2799 287 2850 certantium
304 2797 424 2868 praemia
440 2797 486 2865 qui
504 2796 652 2865 quieverint
670 2795 846 2864 occupabunt.
882 2795 966 2848 Simul
984 2813 1040 2848 nre-

155 2946 165 2969 ¹
177 2945 183 2967 ‘
194 2940 331 2988 Commerui
339 2940 387 2988 and
395 2938 531 3000 guidance!
548 2938 688 3003 According
699 2948 724 2985 to
736 2937 832 2986 Roman
843 2938 948 2994 notioris.
958 2941 1040 3001 ampi-

123 2999 188 3050 er'um
199 3001 220 3048 is
231 3000 273 3048 the
284 3000 348 3060 right
360 3010 385 3046 to
396 2997 492 3047 consult
504 2998 545 3046 the
556 2997 617 3066 gods
630 2997 663 3065 by
674 3009 812 3057 augury-rr
822 2996 886 3058 right
898 2996 979 3046 which
990 3013 1041 3047 was

124 3058 254 3123 conferred
265 3074 329 3118 upon
339 3059 381 3106 the
393 3056 667 3107 commender-inoffici
680 3058 712 3116 by
723 3056 765 3104 the
776 3065 848 3104 state.

153 3133 165 3160 ¹
177 3129 249 3176 ‘The
277 3127 410 3176 consnmed
425 3127 489 3175 their
504 3125 596 3184 souls3'
609 3141 623 3174 a
637 3125 686 3174 fine
701 3125 843 3185 expression
857 3125 895 3175 ior
907 3126 981 3187 ‘thoy
991 3135 1039 3176 tor·

55 3239 58 3244 ,
123 3145 405 3236 mentedtiemselves!

155 3250 337 3308 'Roecncilit'rre
369 3260 462 3315 mehor,
477 3263 518 3306 ‘to
533 3265 625 3306 restore
641 3256 745 3317 friendly
759 3257 891 3307 relations’
924 3255 973 3306 We
989 3257 1042 3307 also

123 3318 178 3369 lind
189 3321 338 3368 remociiars
398 3321 458 3374 iuer,
473 3322 513 3365 ‘to
524 3316 643 3366 reconcile
653 3316 727 3364 men!

153 3377 188 3426 ⁴1
216 3377 480 3434 or‚thesameascor.

155 3445 165 3470 ¹
204 3436 294 3550 eupolim
306 3437 332 3484 irr
342 3436 413 3485 order
422 3445 449 3484 to
458 3435 541 3484 march
552 3443 595 3484 cut
605 3433 653 3484 and
664 3433 747 3484 attach
756 3432 801 3484 tire
807 3431 913 3484 inoleat
921 3433 1031 3498 knights
