<?xml version="1.0" encoding="UTF-8"?>
<!DOCTYPE html PUBLIC "-//W3C//DTD XHTML 1.0 Transitional//EN"
    "http://www.w3.org/TR/xhtml1/DTD/xhtml1-transitional.dtd">
<html xmlns="http://www.w3.org/1999/xhtml" xml:lang="en" lang="en">
 <head>
  <title>
</title>
<meta http-equiv="Content-Type" content="text/html;charset=utf-8" />
  <meta name='ocr-system' content='tesseract 3.04.00' />
  <meta name='ocr-capabilities' content='ocr_page ocr_carea ocr_par ocr_line ocrx_word'/>
</head>
<body>
  <div class='ocr_page' id='page_1' title='image "./qcurtiirufidege02rufugoog_0203.png"; bbox 0 0 2274 3844; ppageno 0'>
   <div class='ocr_carea' id='block_1_1' title="bbox 454 221 988 284">
    <p class='ocr_par' dir='ltr' id='par_1_1' title="bbox 454 221 988 284">
     <span class='ocr_line' id='line_1_1' title="bbox 454 221 988 284; baseline 0.007 -12"><span class='ocrx_word' id='word_1_1' title='bbox 454 233 545 272; x_wconf 76' lang='lat' dir='ltr'>creari</span> <span class='ocrx_word' id='word_1_2' title='bbox 568 234 617 284; x_wconf 79' lang='lat' dir='ltr'>vn.</span> <span class='ocrx_word' id='word_1_3' title='bbox 934 221 988 276; x_wconf 81' lang='grc'><strong>1911</strong></span> 
     </span>
    </p>
   </div>
   <div class='ocr_carea' id='block_1_2' title="bbox 13 342 995 2842">
    <p class='ocr_par' dir='ltr' id='par_1_2' title="bbox 17 342 995 2497">
     <span class='ocr_line' id='line_1_2' title="bbox 71 342 990 416; baseline 0.002 -18"><span class='ocrx_word' id='word_1_4' title='bbox 71 344 174 398; x_wconf 81' lang='lat' dir='ltr'>itinere</span> <span class='ocrx_word' id='word_1_5' title='bbox 197 345 343 398; x_wconf 80' lang='lat' dir='ltr'>exercitum</span> <span class='ocrx_word' id='word_1_6' title='bbox 366 342 474 394; x_wconf 86' lang='lat' dir='ltr'>ducens.</span> <span class='ocrx_word' id='word_1_7' title='bbox 513 344 656 410; x_wconf 79' lang='lat' dir='ltr'>Aquarum,</span> <span class='ocrx_word' id='word_1_8' title='bbox 680 351 708 394; x_wconf 91' lang='lat' dir='ltr'>ut</span> <span class='ocrx_word' id='word_1_9' title='bbox 731 353 793 394; x_wconf 90' lang='lat' dir='ltr'>ante</span> <span class='ocrx_word' id='word_1_10' title='bbox 817 343 917 400; x_wconf 87' lang='lat' dir='ltr'>dictum</span> <span class='ocrx_word' id='word_1_11' title='bbox 942 355 990 416; x_wconf 84' lang='lat' dir='ltr'>est,</span> 
     </span>
     <span class='ocr_line' id='line_1_3' title="bbox 70 411 991 482; baseline 0.004 -16"><span class='ocrx_word' id='word_1_12' title='bbox 70 414 191 482; x_wconf 88' lang='lat' dir='ltr'>penuria</span> <span class='ocrx_word' id='word_1_13' title='bbox 214 415 286 481; x_wconf 87' lang='lat' dir='ltr'>prius</span> <span class='ocrx_word' id='word_1_14' title='bbox 309 412 501 479; x_wconf 79' lang='lat' dir='ltr'>desperatione,</span> <span class='ocrx_word' id='word_1_15' title='bbox 527 429 606 479; x_wconf 82' lang='lat' dir='ltr'>quarn</span> <span class='ocrx_word' id='word_1_16' title='bbox 631 411 762 462; x_wconf 88' lang='lat' dir='ltr'>‹lesiderio</span> <span class='ocrx_word' id='word_1_17' title='bbox 786 412 896 467; x_wconf 89' lang='lat' dir='ltr'>bibendi</span> <span class='ocrx_word' id='word_1_18' title='bbox 920 417 991 470; x_wconf 90' lang='lat' dir='ltr'>sitim</span> 
     </span>
     <span class='ocr_line' id='line_1_4' title="bbox 70 477 992 550; baseline 0.001 -14"><span class='ocrx_word' id='word_1_19' title='bbox 70 482 222 536; x_wconf 56' lang='lat' dir='ltr'>aseendit}</span> <span class='ocrx_word' id='word_1_20' title='bbox 273 484 319 534; x_wconf 90' lang='lat' dir='ltr'>Per</span> <span class='ocrx_word' id='word_1_21' title='bbox 343 481 427 534; x_wconf 88' lang='lat' dir='ltr'>CCCC</span> <span class='ocrx_word' id='word_1_22' title='bbox 451 481 536 532; x_wconf 88' lang='lat' dir='ltr'>stadia</span> <span class='ocrx_word' id='word_1_23' title='bbox 560 497 594 532; x_wconf 90' lang='lat' dir='ltr'>ne</span> <span class='ocrx_word' id='word_1_24' title='bbox 615 477 738 532; x_wconf 89' lang='lat' dir='ltr'>&#39;modicus</span> <span class='ocrx_word' id='word_1_25' title='bbox 761 483 870 550; x_wconf 88' lang='lat' dir='ltr'>quidem</span> <span class='ocrx_word' id='word_1_26' title='bbox 899 485 992 538; x_wconf 88' lang='lat' dir='ltr'>hunror</span> 
     </span>
     <span class='ocr_line' id='line_1_5' title="bbox 68 550 993 621; baseline 0.003 -16"><span class='ocrx_word' id='word_1_27' title='bbox 68 553 178 606; x_wconf 79' lang='lat' dir='ltr'>existit.</span> <span class='ocrx_word' id='word_1_28' title='bbox 226 553 345 603; x_wconf 81' lang='lat' dir='ltr'>Harenas</span> <span class='ocrx_word' id='word_1_29' title='bbox 369 567 448 618; x_wconf 87' lang='lat' dir='ltr'>vapor</span> <span class='ocrx_word' id='word_1_30' title='bbox 471 551 565 602; x_wconf 89' lang='lat' dir='ltr'>aestivi</span> <span class='ocrx_word' id='word_1_31' title='bbox 589 550 651 602; x_wconf 87' lang='lat' dir='ltr'>solis</span> <span class='ocrx_word' id='word_1_32' title='bbox 680 551 817 604; x_wconf 80' lang='lat' dir='ltr'>accendit:</span> <span class='ocrx_word' id='word_1_33' title='bbox 847 570 916 621; x_wconf 88' lang='lat' dir='ltr'>quae</span> <span class='ocrx_word' id='word_1_34' title='bbox 946 556 993 608; x_wconf 88' lang='lat' dir='ltr'>nbi</span> 
     </span>
     <span class='ocr_line' id='line_1_6' title="bbox 71 619 991 690; baseline 0.004 -18"><span class='ocrx_word' id='word_1_35' title='bbox 71 623 193 689; x_wconf 79' lang='lat' dir='ltr'>flagrare</span> <span class='ocrx_word' id='word_1_36' title='bbox 216 629 368 690; x_wconf 87' lang='lat' dir='ltr'>coeperunt,</span> <span class='ocrx_word' id='word_1_37' title='bbox 393 619 461 672; x_wconf 86' lang='lat' dir='ltr'>haud</span> <span class='ocrx_word' id='word_1_38' title='bbox 488 638 564 672; x_wconf 89' lang='lat' dir='ltr'>secus</span> <span class='ocrx_word' id='word_1_39' title='bbox 587 637 667 687; x_wconf 90' lang='lat' dir='ltr'>quarn</span> <span class='ocrx_word' id='word_1_40' title='bbox 698 621 839 674; x_wconf 88' lang='lat' dir='ltr'>continenti</span> <span class='ocrx_word' id='word_1_41' title='bbox 870 623 991 678; x_wconf 89' lang='lat' dir='ltr'>incendio</span> 
     </span>
     <span class='ocr_line' id='line_1_7' title="bbox 71 689 994 756; baseline 0.002 -12"><span class='ocrx_word' id='word_1_42' title='bbox 71 701 176 744; x_wconf 88' lang='lat' dir='ltr'>cuncta</span> <span class='ocrx_word' id='word_1_43' title='bbox 200 691 349 742; x_wconf 77' lang='lat' dir='ltr'>torr·errtur.²</span> <span class='ocrx_word' id='word_1_44' title='bbox 383 689 472 756; x_wconf 91' lang='lat' dir='ltr'>Caligo</span> <span class='ocrx_word' id='word_1_45' title='bbox 496 690 600 755; x_wconf 88' lang='lat' dir='ltr'>deinde,</span> <span class='ocrx_word' id='word_1_46' title='bbox 622 689 764 742; x_wconf 86' lang='lat' dir='ltr'>immodico</span> <span class='ocrx_word' id='word_1_47' title='bbox 785 701 869 744; x_wconf 88' lang='lat' dir='ltr'>terrae</span> <span class='ocrx_word' id='word_1_48' title='bbox 889 693 994 746; x_wconf 84' lang='lat' dir='ltr'>fervore</span> 
     </span>
     <span class='ocr_line' id='line_1_8' title="bbox 73 759 992 828; baseline 0.002 -16"><span class='ocrx_word' id='word_1_49' title='bbox 73 762 202 828; x_wconf 74' lang='lat' dir='ltr'>excitata,</span> <span class='ocrx_word' id='word_1_50' title='bbox 216 759 405 826; x_wconf 63' lang='lat' dir='ltr'>lucentrtegit:</span> <span class='ocrx_word' id='word_1_51' title='bbox 425 775 631 826; x_wconf 82' lang='lat' dir='ltr'>camporumque</span> <span class='ocrx_word' id='word_1_52' title='bbox 650 776 699 810; x_wconf 92' lang='lat' dir='ltr'>non</span> <span class='ocrx_word' id='word_1_53' title='bbox 717 759 769 810; x_wconf 88' lang='lat' dir='ltr'>alia</span> <span class='ocrx_word' id='word_1_54' title='bbox 787 777 867 828; x_wconf 91' lang='lat' dir='ltr'>quarn</span> <span class='ocrx_word' id='word_1_55' title='bbox 881 764 947 816; x_wconf 88' lang='lat' dir='ltr'>vasti</span> <span class='ocrx_word' id='word_1_56' title='bbox 965 773 992 816; x_wconf 89' lang='lat' dir='ltr'>et</span> 
     </span>
     <span class='ocr_line' id='line_1_9' title="bbox 72 829 991 898; baseline 0.005 -16"><span class='ocrx_word' id='word_1_57' title='bbox 72 829 201 898; x_wconf 89' lang='lat' dir='ltr'>profundi</span> <span class='ocrx_word' id='word_1_58' title='bbox 223 829 345 898; x_wconf 87' lang='lat' dir='ltr'>aequoris</span> <span class='ocrx_word' id='word_1_59' title='bbox 372 829 475 896; x_wconf 91' lang='lat' dir='ltr'>species</span> <span class='ocrx_word' id='word_1_60' title='bbox 496 838 546 880; x_wconf 86' lang='lat' dir='ltr'>est.</span> <span class='ocrx_word' id='word_1_61' title='bbox 594 829 758 880; x_wconf 78' lang='lat' dir='ltr'>Nocturnum</span> <span class='ocrx_word' id='word_1_62' title='bbox 782 830 832 882; x_wconf 90' lang='lat' dir='ltr'>iter</span> <span class='ocrx_word' id='word_1_63' title='bbox 856 831 991 886; x_wconf 79' lang='lat' dir='ltr'>tolerabile</span> 
     </span>
     <span class='ocr_line' id='line_1_10' title="bbox 73 897 990 969; baseline 0.005 -20"><span class='ocrx_word' id='word_1_64' title='bbox 73 899 226 969; x_wconf 78' lang='lat' dir='ltr'>videbatur,</span> <span class='ocrx_word' id='word_1_65' title='bbox 241 900 303 967; x_wconf 85' lang='lat' dir='ltr'>quia</span> <span class='ocrx_word' id='word_1_66' title='bbox 323 915 377 950; x_wconf 92' lang='lat' dir='ltr'>rore</span> <span class='ocrx_word' id='word_1_67' title='bbox 396 907 423 948; x_wconf 92' lang='lat' dir='ltr'>et</span> <span class='ocrx_word' id='word_1_68' title='bbox 441 897 570 950; x_wconf 88' lang='lat' dir='ltr'>matutino</span> <span class='ocrx_word' id='word_1_69' title='bbox 588 897 683 964; x_wconf 86' lang='lat' dir='ltr'>frigore</span> <span class='ocrx_word' id='word_1_70' title='bbox 702 915 809 966; x_wconf 91' lang='lat' dir='ltr'>corpora</span> <span class='ocrx_word' id='word_1_71' title='bbox 826 899 990 954; x_wconf 79' lang='lat' dir='ltr'>levabantur.</span> 
     </span>
     <span class='ocr_line' id='line_1_11' title="bbox 73 967 990 1037; baseline 0.004 -17"><span class='ocrx_word' id='word_1_72' title='bbox 73 969 203 1020; x_wconf 90' lang='lat' dir='ltr'>Ceterum</span> <span class='ocrx_word' id='word_1_73' title='bbox 223 986 284 1020; x_wconf 89' lang='lat' dir='ltr'>cunr</span> <span class='ocrx_word' id='word_1_74' title='bbox 304 968 362 1036; x_wconf 86' lang='lat' dir='ltr'>ipsa</span> <span class='ocrx_word' id='word_1_75' title='bbox 379 967 438 1018; x_wconf 90' lang='lat' dir='ltr'>luce</span> <span class='ocrx_word' id='word_1_76' title='bbox 457 976 548 1020; x_wconf 90' lang='lat' dir='ltr'>aestus</span> <span class='ocrx_word' id='word_1_77' title='bbox 564 967 651 1034; x_wconf 90' lang='lat' dir='ltr'>oritur,</span> <span class='ocrx_word' id='word_1_78' title='bbox 665 984 826 1037; x_wconf 89' lang='lat' dir='ltr'>omnemque</span> <span class='ocrx_word' id='word_1_79' title='bbox 844 970 990 1025; x_wconf 83' lang='lat' dir='ltr'>naturalem</span> 
     </span>
     <span class='ocr_line' id='line_1_12' title="bbox 72 1036 989 1106; baseline 0.003 -16"><span class='ocrx_word' id='word_1_80' title='bbox 72 1038 203 1091; x_wconf 88' lang='lat' dir='ltr'>absorbet</span> <span class='ocrx_word' id='word_1_81' title='bbox 222 1037 362 1090; x_wconf 87' lang='lat' dir='ltr'>humorem</span> <span class='ocrx_word' id='word_1_82' title='bbox 381 1036 502 1102; x_wconf 81' lang='lat' dir='ltr'>siccitas3</span> <span class='ocrx_word' id='word_1_83' title='bbox 520 1053 564 1088; x_wconf 89' lang='lat' dir='ltr'>ora</span> <span class='ocrx_word' id='word_1_84' title='bbox 581 1036 736 1105; x_wconf 81' lang='lat' dir='ltr'>visceraque</span> <span class='ocrx_word' id='word_1_85' title='bbox 755 1039 860 1106; x_wconf 87' lang='lat' dir='ltr'>penitus</span> <span class='ocrx_word' id='word_1_86' title='bbox 873 1048 989 1094; x_wconf 86' lang='lat' dir='ltr'>uruntur.</span> 
     </span>
     <span class='ocr_line' id='line_1_13' title="bbox 74 1105 989 1178; baseline 0.002 -18"><span class='ocrx_word' id='word_1_87' title='bbox 74 1109 171 1176; x_wconf 88' lang='lat' dir='ltr'>ltaque</span> <span class='ocrx_word' id='word_1_88' title='bbox 197 1110 311 1176; x_wconf 87' lang='lat' dir='ltr'>primurn</span> <span class='ocrx_word' id='word_1_89' title='bbox 335 1107 424 1172; x_wconf 81' lang='lat' dir='ltr'>enimi,</span> <span class='ocrx_word' id='word_1_90' title='bbox 449 1105 546 1157; x_wconf 91' lang='lat' dir='ltr'>deinde</span> <span class='ocrx_word' id='word_1_91' title='bbox 570 1122 677 1174; x_wconf 88' lang='lat' dir='ltr'>corpora</span> <span class='ocrx_word' id='word_1_92' title='bbox 700 1105 815 1160; x_wconf 84' lang='lat' dir='ltr'>deficere</span> <span class='ocrx_word' id='word_1_93' title='bbox 839 1119 989 1178; x_wconf 86' lang='lat' dir='ltr'>coeperunt.</span> 
     </span>
     <span class='ocr_line' id='line_1_14' title="bbox 74 1175 990 1246; baseline 0.003 -16"><span class='ocrx_word' id='word_1_94' title='bbox 74 1177 191 1245; x_wconf 84' lang='lat' dir='ltr'>Pigebat</span> <span class='ocrx_word' id='word_1_95' title='bbox 204 1187 230 1230; x_wconf 89' lang='lat' dir='ltr'>et</span> <span class='ocrx_word' id='word_1_96' title='bbox 243 1177 387 1228; x_wconf 82' lang='lat' dir='ltr'>consistere</span> <span class='ocrx_word' id='word_1_97' title='bbox 400 1185 426 1227; x_wconf 87' lang='lat' dir='ltr'>ct</span> <span class='ocrx_word' id='word_1_98' title='bbox 438 1175 567 1244; x_wconf 85' lang='lat' dir='ltr'>progredi.</span> <span class='ocrx_word' id='word_1_99' title='bbox 604 1175 685 1228; x_wconf 88' lang='lat' dir='ltr'>Pauci</span> <span class='ocrx_word' id='word_1_100' title='bbox 697 1193 714 1228; x_wconf 86' lang='lat' dir='ltr'>a</span> <span class='ocrx_word' id='word_1_101' title='bbox 725 1178 817 1244; x_wconf 90' lang='lat' dir='ltr'>peritis</span> <span class='ocrx_word' id='word_1_102' title='bbox 826 1179 990 1246; x_wconf 84' lang='lat' dir='ltr'>regionis-ed·</span> 
     </span>
     <span class='ocr_line' id='line_1_15' title="bbox 75 1245 989 1316; baseline 0.004 -18"><span class='ocrx_word' id='word_1_103' title='bbox 75 1248 171 1298; x_wconf 87' lang='lat' dir='ltr'>moniti</span> <span class='ocrx_word' id='word_1_104' title='bbox 185 1255 371 1316; x_wconf 89' lang='lat' dir='ltr'>praepararant</span> <span class='ocrx_word' id='word_1_105' title='bbox 388 1262 495 1313; x_wconf 86' lang='lat' dir='ltr'>aquarn.</span> <span class='ocrx_word' id='word_1_106' title='bbox 532 1245 604 1296; x_wconf 89' lang='lat' dir='ltr'>Haec</span> <span class='ocrx_word' id='word_1_107' title='bbox 617 1245 749 1314; x_wconf 79' lang='lat' dir='ltr'>paulisper</span> <span class='ocrx_word' id='word_1_108' title='bbox 762 1249 884 1315; x_wconf 85' lang='lat' dir='ltr'>repressit</span> <span class='ocrx_word' id='word_1_109' title='bbox 902 1249 989 1302; x_wconf 87' lang='lat' dir='ltr'>sitim:</span> 
     </span>
     <span class='ocr_line' id='line_1_16' title="bbox 75 1313 991 1372; baseline 0.004 -4"><span class='ocrx_word' id='word_1_110' title='bbox 75 1315 177 1368; x_wconf 90' lang='lat' dir='ltr'>deinde</span> <span class='ocrx_word' id='word_1_111' title='bbox 191 1323 327 1368; x_wconf 85' lang='lat' dir='ltr'>crescente</span> <span class='ocrx_word' id='word_1_112' title='bbox 339 1323 412 1367; x_wconf 90' lang='lat' dir='ltr'>aestu</span> <span class='ocrx_word' id='word_1_113' title='bbox 427 1331 515 1366; x_wconf 85' lang='lat' dir='ltr'>rursus</span> <span class='ocrx_word' id='word_1_114' title='bbox 532 1313 695 1366; x_wconf 88' lang='lat' dir='ltr'>desiderium</span> <span class='ocrx_word' id='word_1_115' title='bbox 713 1314 830 1369; x_wconf 86' lang='lat' dir='ltr'>humoris</span> <span class='ocrx_word' id='word_1_116' title='bbox 847 1335 991 1372; x_wconf 79' lang='lat' dir='ltr'>accensum</span> 
     </span>
     <span class='ocr_line' id='line_1_17' title="bbox 76 1383 989 1458; baseline 0.002 -20"><span class='ocrx_word' id='word_1_117' title='bbox 76 1397 125 1438; x_wconf 87' lang='lat' dir='ltr'>est.</span> <span class='ocrx_word' id='word_1_118' title='bbox 171 1387 242 1452; x_wconf 89' lang='lat' dir='ltr'>Ergo</span> <span class='ocrx_word' id='word_1_119' title='bbox 265 1383 391 1454; x_wconf 89' lang='lat' dir='ltr'>quicquid</span> <span class='ocrx_word' id='word_1_120' title='bbox 415 1383 471 1435; x_wconf 87' lang='lat' dir='ltr'>vini</span> <span class='ocrx_word' id='word_1_121' title='bbox 494 1383 598 1450; x_wconf 91' lang='lat' dir='ltr'>olieque</span> <span class='ocrx_word' id='word_1_122' title='bbox 622 1394 678 1436; x_wconf 87' lang='lat' dir='ltr'>erat</span> <span class='ocrx_word' id='word_1_123' title='bbox 701 1385 792 1438; x_wconf 88' lang='lat' dir='ltr'>oribus</span> <span class='ocrx_word' id='word_1_124' title='bbox 814 1387 989 1458; x_wconf 81' lang='lat' dir='ltr'>ingerebatur,</span> 
     </span>
     <span class='ocr_line' id='line_1_18' title="bbox 77 1451 991 1524; baseline 0.003 -17"><span class='ocrx_word' id='word_1_125' title='bbox 77 1464 206 1524; x_wconf 89' lang='lat' dir='ltr'>tantaque</span> <span class='ocrx_word' id='word_1_126' title='bbox 218 1454 332 1508; x_wconf 85' lang='lat' dir='ltr'>dulcedo</span> <span class='ocrx_word' id='word_1_127' title='bbox 350 1452 459 1506; x_wconf 90' lang='lat' dir='ltr'>bibendi</span> <span class='ocrx_word' id='word_1_128' title='bbox 477 1451 534 1520; x_wconf 89' lang='lat' dir='ltr'>luit,</span> <span class='ocrx_word' id='word_1_129' title='bbox 548 1461 576 1505; x_wconf 90' lang='lat' dir='ltr'>ut</span> <span class='ocrx_word' id='word_1_130' title='bbox 594 1453 620 1505; x_wconf 91' lang='lat' dir='ltr'>in</span> <span class='ocrx_word' id='word_1_131' title='bbox 638 1462 771 1521; x_wconf 89' lang='lat' dir='ltr'>posterum</span> <span class='ocrx_word' id='word_1_132' title='bbox 785 1456 841 1510; x_wconf 93' lang='lat' dir='ltr'>sitis</span> <span class='ocrx_word' id='word_1_133' title='bbox 853 1473 903 1510; x_wconf 93' lang='lat' dir='ltr'>non</span> <span class='ocrx_word' id='word_1_134' title='bbox 917 1460 991 1510; x_wconf 78' lang='lat' dir='ltr'>time·</span> 
     </span>
     <span class='ocr_line' id='line_1_19' title="bbox 77 1521 992 1580; baseline 0.004 -4"><span class='ocrx_word' id='word_1_135' title='bbox 77 1533 158 1576; x_wconf 88' lang='lat' dir='ltr'>retur.</span> <span class='ocrx_word' id='word_1_136' title='bbox 196 1525 298 1577; x_wconf 84' lang='lat' dir='ltr'>Graves</span> <span class='ocrx_word' id='word_1_137' title='bbox 321 1521 418 1576; x_wconf 91' lang='lat' dir='ltr'>deinde</span> <span class='ocrx_word' id='word_1_138' title='bbox 441 1521 520 1574; x_wconf 88' lang='lat' dir='ltr'>avide</span> <span class='ocrx_word' id='word_1_139' title='bbox 541 1521 634 1578; x_wconf 84' lang='lat' dir='ltr'>hausto</span> <span class='ocrx_word' id='word_1_140' title='bbox 658 1522 768 1577; x_wconf 90' lang='lat' dir='ltr'>humore</span> <span class='ocrx_word' id='word_1_141' title='bbox 791 1543 842 1578; x_wconf 93' lang='lat' dir='ltr'>non</span> <span class='ocrx_word' id='word_1_142' title='bbox 863 1527 992 1580; x_wconf 87' lang='lat' dir='ltr'>sustinere</span> 
     </span>
     <span class='ocr_line' id='line_1_20' title="bbox 77 1591 992 1666; baseline 0.003 -20"><span class='ocrx_word' id='word_1_143' title='bbox 77 1611 160 1662; x_wconf 89' lang='lat' dir='ltr'>arma,</span> <span class='ocrx_word' id='word_1_144' title='bbox 183 1611 236 1648; x_wconf 89' lang='lat' dir='ltr'>non</span> <span class='ocrx_word' id='word_1_145' title='bbox 256 1593 358 1661; x_wconf 84' lang='lat' dir='ltr'>ingredi</span> <span class='ocrx_word' id='word_1_146' title='bbox 379 1599 513 1661; x_wconf 71' lang='lat' dir='ltr'>poterant,</span> <span class='ocrx_word' id='word_1_147' title='bbox 537 1600 564 1643; x_wconf 90' lang='lat' dir='ltr'>et</span> <span class='ocrx_word' id='word_1_148' title='bbox 584 1591 715 1645; x_wconf 85' lang='lat' dir='ltr'>feliciores</span> <span class='ocrx_word' id='word_1_149' title='bbox 739 1593 903 1665; x_wconf 86' lang='lat' dir='ltr'>videbantur,</span> <span class='ocrx_word' id='word_1_150' title='bbox 925 1613 992 1666; x_wconf 88' lang='lat' dir='ltr'>quos</span> 
     </span>
     <span class='ocr_line' id='line_1_21' title="bbox 77 1660 991 1734; baseline 0.004 -18"><span class='ocrx_word' id='word_1_151' title='bbox 77 1681 149 1733; x_wconf 88' lang='lat' dir='ltr'>aqua</span> <span class='ocrx_word' id='word_1_152' title='bbox 167 1663 312 1732; x_wconf 89' lang='lat' dir='ltr'>defecerat,</span> <span class='ocrx_word' id='word_1_153' title='bbox 333 1679 396 1716; x_wconf 89' lang='lat' dir='ltr'>cum</span> <span class='ocrx_word' id='word_1_154' title='bbox 416 1661 465 1730; x_wconf 90' lang='lat' dir='ltr'>ipsi</span> <span class='ocrx_word' id='word_1_155' title='bbox 487 1660 544 1712; x_wconf 89' lang='lat' dir='ltr'>sine</span> <span class='ocrx_word' id='word_1_156' title='bbox 563 1661 642 1714; x_wconf 91' lang='lat' dir='ltr'>modo</span> <span class='ocrx_word' id='word_1_157' title='bbox 660 1661 775 1716; x_wconf 81' lang='lat' dir='ltr'>infusam</span> <span class='ocrx_word' id='word_1_158' title='bbox 797 1667 896 1718; x_wconf 88' lang='lat' dir='ltr'>vomitu</span> <span class='ocrx_word' id='word_1_159' title='bbox 915 1682 991 1734; x_wconf 84' lang='lat' dir='ltr'>coge·</span> 
     </span>
     <span class='ocr_line' id='line_1_22' title="bbox 78 1730 991 1800; baseline 0.002 -14"><span class='ocrx_word' id='word_1_160' title='bbox 78 1743 168 1786; x_wconf 90' lang='lat' dir='ltr'>rentur</span> <span class='ocrx_word' id='word_1_161' title='bbox 195 1749 314 1800; x_wconf 87' lang='lat' dir='ltr'>egerere.</span> <span class='ocrx_word' id='word_1_162' title='bbox 361 1733 484 1784; x_wconf 85' lang='lat' dir='ltr'>Anxium&#39;</span> <span class='ocrx_word' id='word_1_163' title='bbox 508 1747 598 1798; x_wconf 87' lang='lat' dir='ltr'>regern</span> <span class='ocrx_word' id='word_1_164' title='bbox 628 1730 709 1783; x_wconf 88' lang='lat' dir='ltr'>tantis</span> <span class='ocrx_word' id='word_1_165' title='bbox 732 1733 811 1786; x_wconf 88' lang='lat' dir='ltr'>malis</span> <span class='ocrx_word' id='word_1_166' title='bbox 837 1735 991 1788; x_wconf 87' lang='lat' dir='ltr'>circumfusi</span> 
     </span>
     <span class='ocr_line' id='line_1_23' title="bbox 77 1799 992 1873; baseline 0.002 -17"><span class='ocrx_word' id='word_1_167' title='bbox 77 1804 168 1873; x_wconf 84' lang='lat' dir='ltr'>amici,</span> <span class='ocrx_word' id='word_1_168' title='bbox 181 1812 210 1855; x_wconf 86' lang='lat' dir='ltr'>ut</span> <span class='ocrx_word' id='word_1_169' title='bbox 223 1801 390 1856; x_wconf 86' lang='lat' dir='ltr'>meminisset</span> <span class='ocrx_word' id='word_1_170' title='bbox 409 1800 458 1868; x_wconf 89' lang='lat' dir='ltr'>sui,</span> <span class='ocrx_word' id='word_1_171' title='bbox 471 1799 594 1868; x_wconf 74' lang='lat' dir='ltr'>orabant,</span> <span class='ocrx_word' id='word_1_172' title='bbox 612 1800 694 1852; x_wconf 87' lang='lat' dir='ltr'>animi</span> <span class='ocrx_word' id='word_1_173' title='bbox 713 1803 765 1853; x_wconf 81' lang='lat' dir='ltr'>sui³</span> <span class='ocrx_word' id='word_1_174' title='bbox 780 1805 992 1871; x_wconf 84' lang='lat' dir='ltr'>magnitudinem</span> 
     </span>
     <span class='ocr_line' id='line_1_24' title="bbox 78 1869 992 1942; baseline 0.001 -16"><span class='ocrx_word' id='word_1_175' title='bbox 78 1873 189 1928; x_wconf 87' lang='lat' dir='ltr'>unicum</span> <span class='ocrx_word' id='word_1_176' title='bbox 203 1871 350 1924; x_wconf 88' lang='lat' dir='ltr'>remedium</span> <span class='ocrx_word' id='word_1_177' title='bbox 364 1869 515 1922; x_wconf 88' lang='lat' dir='ltr'>deficientis</span> <span class='ocrx_word' id='word_1_178' title='bbox 527 1869 660 1921; x_wconf 83' lang='lat' dir='ltr'>exercitus</span> <span class='ocrx_word' id='word_1_179' title='bbox 673 1886 746 1922; x_wconf 89' lang='lat' dir='ltr'>esse:</span> <span class='ocrx_word' id='word_1_180' title='bbox 760 1887 823 1924; x_wconf 90' lang='lat' dir='ltr'>cum</span> <span class='ocrx_word' id='word_1_181' title='bbox 836 1891 871 1926; x_wconf 81' lang='lat' dir='ltr'>ex</span> <span class='ocrx_word' id='word_1_182' title='bbox 882 1873 937 1942; x_wconf 78' lang='lat' dir='ltr'>his,</span> <span class='ocrx_word' id='word_1_183' title='bbox 945 1874 992 1942; x_wconf 93' lang='lat' dir='ltr'>qui</span> 
     </span>
     <span class='ocr_line' id='line_1_25' title="bbox 77 1938 993 2011; baseline 0 -16"><span class='ocrx_word' id='word_1_184' title='bbox 77 1950 279 2011; x_wconf 83' lang='lat' dir='ltr'>praecesserant</span> <span class='ocrx_word' id='word_1_185' title='bbox 298 1939 332 1992; x_wconf 87' lang='lat' dir='ltr'>ad</span> <span class='ocrx_word' id='word_1_186' title='bbox 353 1938 512 2008; x_wconf 90' lang='lat' dir='ltr'>capiendum</span> <span class='ocrx_word' id='word_1_187' title='bbox 537 1938 625 1990; x_wconf 90' lang='lat' dir='ltr'>locum</span> <span class='ocrx_word' id='word_1_188' title='bbox 648 1939 748 2008; x_wconf 78' lang='lat' dir='ltr'>castris,</span> <span class='ocrx_word' id='word_1_189' title='bbox 769 1940 822 1993; x_wconf 89' lang='lat' dir='ltr'>duo</span> <span class='ocrx_word' id='word_1_190' title='bbox 845 1945 993 1996; x_wconf 69' lang='lat' dir='ltr'>occurrunt⁴</span> 
     </span>
     <span class='ocr_line' id='line_1_26' title="bbox 79 2007 995 2080; baseline 0 -16"><span class='ocrx_word' id='word_1_191' title='bbox 79 2013 184 2064; x_wconf 82' lang='lat' dir='ltr'>utribus</span> <span class='ocrx_word' id='word_1_192' title='bbox 195 2028 292 2079; x_wconf 89' lang='lat' dir='ltr'>aquam</span> <span class='ocrx_word' id='word_1_193' title='bbox 305 2018 448 2077; x_wconf 82' lang='lat' dir='ltr'>gestantes,</span> <span class='ocrx_word' id='word_1_194' title='bbox 461 2015 489 2060; x_wconf 90' lang='lat' dir='ltr'>ut</span> <span class='ocrx_word' id='word_1_195' title='bbox 502 2007 562 2059; x_wconf 88' lang='lat' dir='ltr'>filiis</span> <span class='ocrx_word' id='word_1_196' title='bbox 575 2009 636 2072; x_wconf 86' lang='lat' dir='ltr'>suis,</span> <span class='ocrx_word' id='word_1_197' title='bbox 649 2024 716 2076; x_wconf 87' lang='lat' dir='ltr'>quos</span> <span class='ocrx_word' id='word_1_198' title='bbox 732 2009 758 2060; x_wconf 92' lang='lat' dir='ltr'>iu</span> <span class='ocrx_word' id='word_1_199' title='bbox 778 2010 874 2064; x_wconf 87' lang='lat' dir='ltr'>eodem</span> <span class='ocrx_word' id='word_1_200' title='bbox 886 2012 995 2080; x_wconf 87' lang='lat' dir='ltr'>agmine</span> 
     </span>
     <span class='ocr_line' id='line_1_27' title="bbox 17 2077 993 2148; baseline 0.002 -16"><span class='ocrx_word' id='word_1_201' title='bbox 17 2127 23 2144; x_wconf 84' lang='grc'>,</span> <span class='ocrx_word' id='word_1_202' title='bbox 79 2100 146 2146; x_wconf 56' lang='lat' dir='ltr'>esst»,</span> <span class='ocrx_word' id='word_1_203' title='bbox 168 2089 195 2134; x_wconf 86' lang='lat' dir='ltr'>et</span> <span class='ocrx_word' id='word_1_204' title='bbox 215 2097 295 2148; x_wconf 81' lang='lat' dir='ltr'>aegre</span> <span class='ocrx_word' id='word_1_205' title='bbox 316 2079 369 2148; x_wconf 88' lang='lat' dir='ltr'>pati</span> <span class='ocrx_word' id='word_1_206' title='bbox 389 2079 461 2130; x_wconf 88' lang='lat' dir='ltr'>sitim</span> <span class='ocrx_word' id='word_1_207' title='bbox 481 2094 531 2130; x_wconf 95' lang='lat' dir='ltr'>non</span> <span class='ocrx_word' id='word_1_208' title='bbox 550 2077 711 2146; x_wconf 86' lang='lat' dir='ltr'>ignorabant,</span> <span class='ocrx_word' id='word_1_209' title='bbox 729 2089 904 2132; x_wconf 83' lang='lat' dir='ltr'>occurrerent.</span> <span class='ocrx_word' id='word_1_210' title='bbox 940 2079 993 2140; x_wconf 86' lang='lat' dir='ltr'>Qui</span> 
     </span>
     <span class='ocr_line' id='line_1_28' title="bbox 79 2146 992 2220; baseline 0 -18"><span class='ocrx_word' id='word_1_211' title='bbox 79 2170 140 2204; x_wconf 86' lang='lat' dir='ltr'>curn</span> <span class='ocrx_word' id='word_1_212' title='bbox 164 2152 190 2203; x_wconf 90' lang='lat' dir='ltr'>in</span> <span class='ocrx_word' id='word_1_213' title='bbox 210 2167 300 2217; x_wconf 87' lang='lat' dir='ltr'>regem</span> <span class='ocrx_word' id='word_1_214' title='bbox 321 2148 481 2214; x_wconf 88' lang='lat' dir='ltr'>incidissent,</span> <span class='ocrx_word' id='word_1_215' title='bbox 503 2146 569 2198; x_wconf 87' lang='lat' dir='ltr'>alter</span> <span class='ocrx_word' id='word_1_216' title='bbox 592 2163 626 2198; x_wconf 80' lang='lat' dir='ltr'>ex</span> <span class='ocrx_word' id='word_1_217' title='bbox 648 2147 694 2215; x_wconf 82' lang='lat' dir='ltr'>eis,</span> <span class='ocrx_word' id='word_1_218' title='bbox 716 2156 773 2200; x_wconf 92' lang='lat' dir='ltr'>utre</span> <span class='ocrx_word' id='word_1_219' title='bbox 794 2149 918 2218; x_wconf 86' lang='lat' dir='ltr'>resolute,</span> <span class='ocrx_word' id='word_1_220' title='bbox 937 2167 992 2220; x_wconf 86' lang='lat' dir='ltr'>vas,</span> 
     </span>
     <span class='ocr_line' id='line_1_29' title="bbox 79 2215 992 2289; baseline 0 -17"><span class='ocrx_word' id='word_1_221' title='bbox 79 2220 149 2288; x_wconf 88' lang='lat' dir='ltr'>qnod</span> <span class='ocrx_word' id='word_1_222' title='bbox 163 2219 242 2272; x_wconf 88' lang='lat' dir='ltr'>simul</span> <span class='ocrx_word' id='word_1_223' title='bbox 254 2217 364 2286; x_wconf 83' lang='lat' dir='ltr'>serebat,</span> <span class='ocrx_word' id='word_1_224' title='bbox 378 2216 479 2285; x_wconf 88' lang='lat' dir='ltr'>implet,</span> <span class='ocrx_word' id='word_1_225' title='bbox 493 2215 626 2283; x_wconf 86' lang='lat' dir='ltr'>porrigens</span> <span class='ocrx_word' id='word_1_226' title='bbox 643 2217 705 2283; x_wconf 88' lang='lat' dir='ltr'>regi.</span> <span class='ocrx_word' id='word_1_227' title='bbox 742 2217 790 2272; x_wconf 92' lang='lat' dir='ltr'>llle</span> <span class='ocrx_word' id='word_1_228' title='bbox 803 2219 916 2288; x_wconf 72' lang='lat' dir='ltr'>accipit,</span> <span class='ocrx_word' id='word_1_229' title='bbox 933 2237 992 2289; x_wconf 90' lang='lat' dir='ltr'>per·</span> 
     </span>
     <span class='ocr_line' id='line_1_30' title="bbox 79 2283 991 2357; baseline 0.003 -17"><span class='ocrx_word' id='word_1_230' title='bbox 79 2301 203 2342; x_wconf 73' lang='lat' dir='ltr'>cordatus</span> <span class='ocrx_word' id='word_1_231' title='bbox 214 2289 313 2357; x_wconf 91' lang='lat' dir='ltr'>quibus</span> <span class='ocrx_word' id='word_1_232' title='bbox 324 2304 422 2356; x_wconf 85' lang='lat' dir='ltr'>aquam</span> <span class='ocrx_word' id='word_1_233' title='bbox 435 2295 573 2354; x_wconf 83' lang='lat' dir='ltr'>portarent,</span> <span class='ocrx_word' id='word_1_234' title='bbox 587 2283 649 2338; x_wconf 84' lang='lat' dir='ltr'>filiis</span> <span class='ocrx_word' id='word_1_235' title='bbox 663 2286 730 2339; x_wconf 88' lang='lat' dir='ltr'>ferre</span> <span class='ocrx_word' id='word_1_236' title='bbox 742 2290 885 2356; x_wconf 83' lang='lat' dir='ltr'>cognoscit.</span> <span class='ocrx_word' id='word_1_237' title='bbox 915 2289 991 2342; x_wconf 87' lang='lat' dir='ltr'>Tunc</span> 
     </span>
     <span class='ocr_line' id='line_1_31' title="bbox 82 2355 992 2428; baseline 0.002 -18"><span class='ocrx_word' id='word_1_238' title='bbox 82 2361 174 2426; x_wconf 60' lang='lat' dir='ltr'>turranio</span> <span class='ocrx_word' id='word_1_239' title='bbox 195 2358 280 2426; x_wconf 90' lang='lat' dir='ltr'>pleno,</span> <span class='ocrx_word' id='word_1_240' title='bbox 301 2357 367 2408; x_wconf 84' lang='lat' dir='ltr'>sicut</span> <span class='ocrx_word' id='word_1_241' title='bbox 388 2355 508 2407; x_wconf 91' lang='lat' dir='ltr'>oblatum</span> <span class='ocrx_word' id='word_1_242' title='bbox 529 2363 576 2422; x_wconf 87' lang='lat' dir='ltr'>est,</span> <span class='ocrx_word' id='word_1_243' title='bbox 596 2355 705 2426; x_wconf 83' lang='lat' dir='ltr'>reddito,</span> <span class='ocrx_word' id='word_1_244' title='bbox 725 2357 784 2410; x_wconf 91' lang='lat' dir='ltr'>Neo</span> <span class='ocrx_word' id='word_1_245' title='bbox 801 2358 884 2428; x_wconf 81' lang='lat' dir='ltr'>solus,</span> <span class='ocrx_word' id='word_1_246' title='bbox 899 2359 992 2428; x_wconf 92' lang='lat' dir='ltr'>inquit,</span> 
     </span>
     <span class='ocr_line' id='line_1_32' title="bbox 81 2423 992 2497; baseline 0 -17"><span class='ocrx_word' id='word_1_247' title='bbox 81 2431 172 2482; x_wconf 87' lang='lat' dir='ltr'>bibere</span> <span class='ocrx_word' id='word_1_248' title='bbox 186 2429 310 2489; x_wconf 85' lang='lat' dir='ltr'>sustineo,</span> <span class='ocrx_word' id='word_1_249' title='bbox 325 2443 374 2478; x_wconf 89' lang='lat' dir='ltr'>nec</span> <span class='ocrx_word' id='word_1_250' title='bbox 393 2433 446 2478; x_wconf 89' lang='lat' dir='ltr'>tam</span> <span class='ocrx_word' id='word_1_251' title='bbox 466 2424 590 2493; x_wconf 82' lang='lat' dir='ltr'>exiguum</span> <span class='ocrx_word' id='word_1_252' title='bbox 609 2423 728 2478; x_wconf 85' lang='lat' dir='ltr'>dividere</span> <span class='ocrx_word' id='word_1_253' title='bbox 740 2427 864 2481; x_wconf 90' lang='lat' dir='ltr'>omnibus</span> <span class='ocrx_word' id='word_1_254' title='bbox 876 2445 992 2497; x_wconf 87' lang='lat' dir='ltr'>possum.</span> 
     </span>
    </p>

    <p class='ocr_par' dir='ltr' id='par_1_3' title="bbox 13 2493 992 2842">
     <span class='ocr_line' id='line_1_33' title="bbox 13 2493 991 2566; baseline -0.001 -15"><span class='ocrx_word' id='word_1_255' title='bbox 13 2495 15 2498; x_wconf 69' lang='grc'><strong>’</strong></span> <span class='ocrx_word' id='word_1_256' title='bbox 81 2499 134 2550; x_wconf 85' lang='lat' dir='ltr'>Vos</span> <span class='ocrx_word' id='word_1_257' title='bbox 142 2499 247 2563; x_wconf 85' lang='lat' dir='ltr'>currite,</span> <span class='ocrx_word' id='word_1_258' title='bbox 259 2505 285 2548; x_wconf 88' lang='lat' dir='ltr'>et</span> <span class='ocrx_word' id='word_1_259' title='bbox 299 2495 388 2548; x_wconf 88' lang='lat' dir='ltr'>liberis</span> <span class='ocrx_word' id='word_1_260' title='bbox 397 2494 498 2562; x_wconf 87' lang='lat' dir='ltr'>vestris,</span> <span class='ocrx_word' id='word_1_261' title='bbox 509 2493 579 2562; x_wconf 90' lang='lat' dir='ltr'>quod</span> <span class='ocrx_word' id='word_1_262' title='bbox 591 2503 695 2564; x_wconf 88' lang='lat' dir='ltr'>propter</span> <span class='ocrx_word' id='word_1_263' title='bbox 706 2495 766 2548; x_wconf 93' lang='lat' dir='ltr'>illos</span> <span class='ocrx_word' id='word_1_264' title='bbox 777 2498 908 2566; x_wconf 75' lang='lat' dir='ltr'>attulistis,</span> <span class='ocrx_word' id='word_1_265' title='bbox 919 2498 991 2551; x_wconf 85' lang='lat' dir='ltr'>date.</span> 
     </span>
     <span class='ocr_line' id='line_1_34' title="bbox 116 2564 992 2634; baseline 0.002 -16"><span class='ocrx_word' id='word_1_266' title='bbox 116 2573 157 2619; x_wconf 80' lang='lat'>21.</span> <span class='ocrx_word' id='word_1_267' title='bbox 177 2567 298 2618; x_wconf 90' lang='lat' dir='ltr'>Tandem</span> <span class='ocrx_word' id='word_1_268' title='bbox 319 2565 352 2616; x_wconf 89' lang='lat' dir='ltr'>ad</span> <span class='ocrx_word' id='word_1_269' title='bbox 374 2564 475 2616; x_wconf 87' lang='lat' dir='ltr'>flumen</span> <span class='ocrx_word' id='word_1_270' title='bbox 496 2566 583 2616; x_wconf 81' lang='lat' dir='ltr'>Oxum</span> <span class='ocrx_word' id='word_1_271' title='bbox 607 2564 663 2632; x_wconf 87' lang='lat' dir='ltr'>ipse</span> <span class='ocrx_word' id='word_1_272' title='bbox 687 2567 805 2633; x_wconf 84' lang='lat' dir='ltr'>pervenit</span> <span class='ocrx_word' id='word_1_273' title='bbox 829 2568 914 2634; x_wconf 89' lang='lat' dir='ltr'>prima</span> <span class='ocrx_word' id='word_1_274' title='bbox 937 2567 992 2620; x_wconf 89' lang='lat' dir='ltr'>fere</span> 
     </span>
     <span class='ocr_line' id='line_1_35' title="bbox 82 2635 990 2706; baseline 0.001 -19"><span class='ocrx_word' id='word_1_275' title='bbox 82 2653 202 2706; x_wconf 84' lang='lat' dir='ltr'>vespera.</span> <span class='ocrx_word' id='word_1_276' title='bbox 239 2635 290 2686; x_wconf 85' lang='lat' dir='ltr'>Sed</span> <span class='ocrx_word' id='word_1_277' title='bbox 310 2635 443 2686; x_wconf 85' lang='lat' dir='ltr'>exercitos</span> <span class='ocrx_word' id='word_1_278' title='bbox 460 2651 557 2702; x_wconf 88' lang='lat' dir='ltr'>magna</span> <span class='ocrx_word' id='word_1_279' title='bbox 575 2650 634 2700; x_wconf 86' lang='lat' dir='ltr'>pers</span> <span class='ocrx_word' id='word_1_280' title='bbox 652 2651 703 2686; x_wconf 91' lang='lat' dir='ltr'>non</span> <span class='ocrx_word' id='word_1_281' title='bbox 716 2642 837 2703; x_wconf 90' lang='lat' dir='ltr'>potuerat</span> <span class='ocrx_word' id='word_1_282' title='bbox 848 2637 990 2704; x_wconf 89' lang='lat' dir='ltr'>consequi:</span> 
     </span>
     <span class='ocr_line' id='line_1_36' title="bbox 83 2701 989 2773; baseline -0.001 -15"><span class='ocrx_word' id='word_1_283' title='bbox 83 2708 106 2758; x_wconf 90' lang='lat' dir='ltr'>in</span> <span class='ocrx_word' id='word_1_284' title='bbox 119 2705 192 2758; x_wconf 87' lang='lat' dir='ltr'>edito</span> <span class='ocrx_word' id='word_1_285' title='bbox 205 2713 295 2756; x_wconf 90' lang='lat' dir='ltr'>mnnte</span> <span class='ocrx_word' id='word_1_286' title='bbox 308 2704 383 2770; x_wconf 85' lang='lat' dir='ltr'>ignes</span> <span class='ocrx_word' id='word_1_287' title='bbox 399 2701 473 2770; x_wconf 85' lang='lat' dir='ltr'>jubet</span> <span class='ocrx_word' id='word_1_288' title='bbox 492 2703 556 2770; x_wconf 85' lang='lat' dir='ltr'>sieri,</span> <span class='ocrx_word' id='word_1_289' title='bbox 570 2711 598 2755; x_wconf 87' lang='lat' dir='ltr'>ut</span> <span class='ocrx_word' id='word_1_290' title='bbox 615 2703 639 2771; x_wconf 94' lang='lat' dir='ltr'>ii,</span> <span class='ocrx_word' id='word_1_291' title='bbox 652 2703 698 2772; x_wconf 90' lang='lat' dir='ltr'>qui</span> <span class='ocrx_word' id='word_1_292' title='bbox 710 2721 790 2771; x_wconf 86' lang='lat' dir='ltr'>aegre</span> <span class='ocrx_word' id='word_1_293' title='bbox 802 2704 989 2773; x_wconf 82' lang='lat' dir='ltr'>sequebantur,</span> 
     </span>
     <span class='ocr_line' id='line_1_37' title="bbox 83 2772 991 2842; baseline -0.001 -15"><span class='ocrx_word' id='word_1_294' title='bbox 83 2775 150 2827; x_wconf 80' lang='lat' dir='ltr'>hauri</span> <span class='ocrx_word' id='word_1_295' title='bbox 169 2774 261 2842; x_wconf 91' lang='lat' dir='ltr'>procul</span> <span class='ocrx_word' id='word_1_296' title='bbox 279 2773 373 2825; x_wconf 84' lang='lat' dir='ltr'>castris</span> <span class='ocrx_word' id='word_1_297' title='bbox 391 2773 472 2840; x_wconf 67' lang='lat' dir='ltr'>ipsosl</span> <span class='ocrx_word' id='word_1_298' title='bbox 482 2772 577 2825; x_wconf 89' lang='lat' dir='ltr'>abesse</span> <span class='ocrx_word' id='word_1_299' title='bbox 589 2780 786 2840; x_wconf 87' lang='lat' dir='ltr'>cognoscerent.</span> <span class='ocrx_word' id='word_1_300' title='bbox 826 2773 880 2824; x_wconf 87' lang='lat' dir='ltr'>Eos</span> <span class='ocrx_word' id='word_1_301' title='bbox 891 2780 991 2842; x_wconf 87' lang='lat' dir='ltr'>autem,</span> 
     </span>
    </p>
   </div>
   <div class='ocr_carea' id='block_1_3' title="bbox 82 2911 993 3584">
    <p class='ocr_par' dir='ltr' id='par_1_4' title="bbox 82 2911 991 3031">
     <span class='ocr_line' id='line_1_38' title="bbox 110 2911 991 2974; baseline -0.001 -10"><span class='ocrx_word' id='word_1_302' title='bbox 110 2925 116 2946; x_wconf 92' lang='lat'><strong>¹</strong></span> <span class='ocrx_word' id='word_1_303' title='bbox 128 2917 184 2964; x_wconf 88' lang='lat' dir='ltr'>The</span> <span class='ocrx_word' id='word_1_304' title='bbox 196 2915 285 2974; x_wconf 86' lang='lat' dir='ltr'>feeling</span> <span class='ocrx_word' id='word_1_305' title='bbox 295 2914 346 2961; x_wconf 86' lang='lat' dir='ltr'>that</span> <span class='ocrx_word' id='word_1_306' title='bbox 359 2913 426 2961; x_wconf 84' lang='lat' dir='ltr'>there</span> <span class='ocrx_word' id='word_1_307' title='bbox 438 2930 488 2962; x_wconf 89' lang='lat' dir='ltr'>was</span> <span class='ocrx_word' id='word_1_308' title='bbox 500 2931 530 2962; x_wconf 92' lang='lat' dir='ltr'>no</span> <span class='ocrx_word' id='word_1_309' title='bbox 541 2914 678 2973; x_wconf 85' lang='lat' dir='ltr'>possibility</span> <span class='ocrx_word' id='word_1_310' title='bbox 689 2912 717 2960; x_wconf 87' lang='lat' dir='ltr'>of</span> <span class='ocrx_word' id='word_1_311' title='bbox 728 2911 852 2973; x_wconf 86' lang='lat' dir='ltr'>obtaining</span> <span class='ocrx_word' id='word_1_312' title='bbox 863 2923 939 2962; x_wconf 87' lang='lat' dir='ltr'>water</span> <span class='ocrx_word' id='word_1_313' title='bbox 949 2929 991 2964; x_wconf 87' lang='lat' dir='ltr'>ex·</span> 
     </span>
     <span class='ocr_line' id='line_1_39' title="bbox 82 2970 784 3031; baseline -0.01 -7"><span class='ocrx_word' id='word_1_314' title='bbox 82 2977 143 3024; x_wconf 81' lang='lat' dir='ltr'>cited</span> <span class='ocrx_word' id='word_1_315' title='bbox 155 2976 236 3030; x_wconf 83' lang='lat' dir='ltr'>thirsi,</span> <span class='ocrx_word' id='word_1_316' title='bbox 249 2973 331 3022; x_wconf 87' lang='lat' dir='ltr'>before</span> <span class='ocrx_word' id='word_1_317' title='bbox 343 2973 361 3020; x_wconf 89' lang='lat' dir='ltr'>it</span> <span class='ocrx_word' id='word_1_318' title='bbox 373 2973 452 3021; x_wconf 88' lang='lat' dir='ltr'>would</span> <span class='ocrx_word' id='word_1_319' title='bbox 464 2974 524 3020; x_wconf 90' lang='lat' dir='ltr'>have</span> <span class='ocrx_word' id='word_1_320' title='bbox 536 2989 604 3022; x_wconf 88' lang='lat' dir='ltr'>corne</span> <span class='ocrx_word' id='word_1_321' title='bbox 615 2989 646 3020; x_wconf 93' lang='lat' dir='ltr'>on</span> <span class='ocrx_word' id='word_1_322' title='bbox 658 2970 784 3031; x_wconf 74' lang='lat' dir='ltr'>naturally.</span> 
     </span>
    </p>

    <p class='ocr_par' dir='ltr' id='par_1_5' title="bbox 83 3036 992 3159">
     <span class='ocr_line' id='line_1_40' title="bbox 108 3036 992 3106; baseline 0.001 -18"><span class='ocrx_word' id='word_1_323' title='bbox 108 3047 119 3072; x_wconf 69' lang='lat'>⁸</span> <span class='ocrx_word' id='word_1_324' title='bbox 130 3041 229 3088; x_wconf 91' lang='lat' dir='ltr'>‘When</span> <span class='ocrx_word' id='word_1_325' title='bbox 241 3039 281 3086; x_wconf 90' lang='lat' dir='ltr'>the</span> <span class='ocrx_word' id='word_1_326' title='bbox 293 3039 337 3098; x_wconf 92' lang='lat' dir='ltr'>dry</span> <span class='ocrx_word' id='word_1_327' title='bbox 348 3038 407 3086; x_wconf 88' lang='lat' dir='ltr'>sand</span> <span class='ocrx_word' id='word_1_328' title='bbox 418 3040 448 3086; x_wconf 89' lang='lat' dir='ltr'>be</span> <span class='ocrx_word' id='word_1_329' title='bbox 467 3039 503 3086; x_wconf 91' lang='lat' dir='ltr'>ins</span> <span class='ocrx_word' id='word_1_330' title='bbox 512 3049 537 3086; x_wconf 89' lang='lat' dir='ltr'>to</span> <span class='ocrx_word' id='word_1_331' title='bbox 548 3037 621 3106; x_wconf 85' lang='lat' dir='ltr'>glow,</span> <span class='ocrx_word' id='word_1_332' title='bbox 633 3037 690 3084; x_wconf 92' lang='lat' dir='ltr'>then</span> <span class='ocrx_word' id='word_1_333' title='bbox 699 3052 755 3084; x_wconf 84' lang='lat' dir='ltr'>ever</span> <span class='ocrx_word' id='word_1_334' title='bbox 773 3036 841 3098; x_wconf 89' lang='lat' dir='ltr'>thing</span> <span class='ocrx_word' id='word_1_335' title='bbox 852 3037 901 3092; x_wconf 90' lang='lat' dir='ltr'>(the</span> <span class='ocrx_word' id='word_1_336' title='bbox 913 3039 992 3089; x_wconf 88' lang='lat' dir='ltr'>whole</span> 
     </span>
     <span class='ocr_line' id='line_1_41' title="bbox 83 3055 859 3159; baseline -0.006 -10"><span class='ocrx_word' id='word_1_337' title='bbox 83 3100 244 3159; x_wconf 83' lang='lat' dir='ltr'>atmosphere)</span> <span class='ocrx_word' id='word_1_338' title='bbox 256 3099 276 3145; x_wconf 87' lang='lat' dir='ltr'>is</span> <span class='ocrx_word' id='word_1_339' title='bbox 288 3097 391 3156; x_wconf 82' lang='lat' dir='ltr'>patched</span> <span class='ocrx_word' id='word_1_340' title='bbox 403 3113 429 3144; x_wconf 88' lang='lat' dir='ltr'>as</span> <span class='ocrx_word' id='word_1_341' title='bbox 440 3055 465 3145; x_wconf 64' lang='lat' dir='ltr'>if</span> <span class='ocrx_word' id='word_1_342' title='bbox 473 3100 505 3157; x_wconf 91' lang='lat' dir='ltr'>by</span> <span class='ocrx_word' id='word_1_343' title='bbox 516 3113 530 3144; x_wconf 93' lang='lat' dir='ltr'>a</span> <span class='ocrx_word' id='word_1_344' title='bbox 540 3097 616 3156; x_wconf 82' lang='lat' dir='ltr'>single</span> <span class='ocrx_word' id='word_1_345' title='bbox 628 3105 742 3143; x_wconf 89' lang='lat' dir='ltr'>connecte</span> <span class='ocrx_word' id='word_1_346' title='bbox 770 3095 859 3144; x_wconf 58' lang='lat' dir='ltr'>flames</span> 
     </span>
    </p>

    <p class='ocr_par' dir='ltr' id='par_1_6' title="bbox 83 3161 993 3286">
     <span class='ocr_line' id='line_1_42' title="bbox 109 3161 993 3227; baseline 0 -15"><span class='ocrx_word' id='word_1_347' title='bbox 109 3165 209 3227; x_wconf 75' lang='lat' dir='ltr'>’Ipsius</span> <span class='ocrx_word' id='word_1_348' title='bbox 223 3164 303 3212; x_wconf 92' lang='lat' dir='ltr'>would</span> <span class='ocrx_word' id='word_1_349' title='bbox 315 3163 376 3212; x_wconf 91' lang='lat' dir='ltr'>have</span> <span class='ocrx_word' id='word_1_350' title='bbox 387 3165 449 3211; x_wconf 91' lang='lat' dir='ltr'>been</span> <span class='ocrx_word' id='word_1_351' title='bbox 461 3163 510 3212; x_wconf 89' lang='lat' dir='ltr'>less</span> <span class='ocrx_word' id='word_1_352' title='bbox 525 3163 668 3222; x_wconf 85' lang='lat' dir='ltr'>ambiguous</span> <span class='ocrx_word' id='word_1_353' title='bbox 679 3177 685 3218; x_wconf 92' lang='grc'>;</span> <span class='ocrx_word' id='word_1_354' title='bbox 703 3163 746 3210; x_wconf 91' lang='lat' dir='ltr'>but</span> <span class='ocrx_word' id='word_1_355' title='bbox 758 3161 838 3211; x_wconf 85' lang='lat' dir='ltr'>where</span> <span class='ocrx_word' id='word_1_356' title='bbox 850 3163 918 3212; x_wconf 88' lang='lat' dir='ltr'>there</span> <span class='ocrx_word' id='word_1_357' title='bbox 930 3163 950 3212; x_wconf 90' lang='lat' dir='ltr'>is</span> <span class='ocrx_word' id='word_1_358' title='bbox 961 3177 993 3212; x_wconf 89' lang='lat' dir='ltr'>uo</span> 
     </span>
     <span class='ocr_line' id='line_1_43' title="bbox 83 3219 909 3286; baseline -0.002 -14"><span class='ocrx_word' id='word_1_359' title='bbox 83 3223 130 3272; x_wconf 88' lang='lat' dir='ltr'>fear</span> <span class='ocrx_word' id='word_1_360' title='bbox 141 3223 169 3272; x_wconf 96' lang='lat' dir='ltr'>of</span> <span class='ocrx_word' id='word_1_361' title='bbox 181 3224 324 3284; x_wconf 86' lang='lat' dir='ltr'>ambiguity‚</span> <span class='ocrx_word' id='word_1_362' title='bbox 339 3223 388 3283; x_wconf 83' lang='lat' dir='ltr'>ejus</span> <span class='ocrx_word' id='word_1_363' title='bbox 401 3223 445 3270; x_wconf 87' lang='lat' dir='ltr'>and</span> <span class='ocrx_word' id='word_1_364' title='bbox 457 3225 546 3270; x_wconf 78' lang='lat' dir='ltr'>sciere</span> <span class='ocrx_word' id='word_1_365' title='bbox 558 3219 680 3280; x_wconf 87' lang='lat' dir='ltr'>generally</span> <span class='ocrx_word' id='word_1_366' title='bbox 691 3220 759 3278; x_wconf 84' lang='lat' dir='ltr'>used,</span> <span class='ocrx_word' id='word_1_367' title='bbox 772 3232 814 3269; x_wconf 92' lang='lat' dir='ltr'>not</span> <span class='ocrx_word' id='word_1_368' title='bbox 825 3225 909 3286; x_wconf 77' lang='lat' dir='ltr'>ipsius.</span> 
     </span>
    </p>

    <p class='ocr_par' dir='ltr' id='par_1_7' title="bbox 84 3287 993 3582">
     <span class='ocr_line' id='line_1_44' title="bbox 110 3287 993 3348; baseline 0 -12"><span class='ocrx_word' id='word_1_369' title='bbox 110 3291 151 3336; x_wconf 76' lang='lat' dir='ltr'>‘A</span> <span class='ocrx_word' id='word_1_370' title='bbox 162 3305 223 3348; x_wconf 89' lang='lat' dir='ltr'>very</span> <span class='ocrx_word' id='word_1_371' title='bbox 234 3304 346 3336; x_wconf 88' lang='lat' dir='ltr'>common</span> <span class='ocrx_word' id='word_1_372' title='bbox 361 3287 540 3336; x_wconf 84' lang='lat' dir='ltr'>construction:</span> <span class='ocrx_word' id='word_1_373' title='bbox 557 3287 626 3336; x_wconf 68' lang='lat' dir='ltr'>ammi</span> <span class='ocrx_word' id='word_1_374' title='bbox 641 3303 717 3348; x_wconf 78' lang='lat' dir='ltr'>regem</span> <span class='ocrx_word' id='word_1_375' title='bbox 730 3289 827 3336; x_wconf 74' lang='lat' dir='ltr'>molant</span> <span class='ocrx_word' id='word_1_376' title='bbox 839 3287 993 3346; x_wconf 76' lang='lat' dir='ltr'>(description</span> 
     </span>
     <span class='ocr_line' id='line_1_45' title="bbox 84 3345 992 3458; baseline -0.002 -62"><span class='ocrx_word' id='word_1_377' title='bbox 84 3348 110 3458; x_wconf 72' lang='lat' dir='ltr'>ql</span> <span class='ocrx_word' id='word_1_378' title='bbox 115 3365 145 3396; x_wconf 86' lang='lat' dir='ltr'>an</span> <span class='ocrx_word' id='word_1_379' title='bbox 153 3347 271 3408; x_wconf 86' lang='lat' dir='ltr'>euduring</span> <span class='ocrx_word' id='word_1_380' title='bbox 280 3353 361 3402; x_wconf 89' lang='lat' dir='ltr'>state),</span> <span class='ocrx_word' id='word_1_381' title='bbox 371 3365 421 3396; x_wconf 82' lang='lat' dir='ltr'>eum</span> <span class='ocrx_word' id='word_1_382' title='bbox 427 3349 474 3394; x_wconf 83' lang='lat' dir='ltr'>duc</span> <span class='ocrx_word' id='word_1_383' title='bbox 479 3354 611 3402; x_wconf 79' lang='lat' dir='ltr'>occurrunt,</span> <span class='ocrx_word' id='word_1_384' title='bbox 620 3361 647 3394; x_wconf 86' lang='lat' dir='ltr'>or</span> <span class='ocrx_word' id='word_1_385' title='bbox 653 3356 811 3395; x_wconf 74' lang='lat' dir='ltr'>occat-mmm.</span> <span class='ocrx_word' id='word_1_386' title='bbox 836 3347 882 3395; x_wconf 87' lang='lat' dir='ltr'>See</span> <span class='ocrx_word' id='word_1_387' title='bbox 893 3345 992 3407; x_wconf 80' lang='lat' dir='ltr'>Zumpt,</span> 
     </span>
     <span class='ocr_line' id='line_1_46' title="bbox 113 3469 494 3582; baseline -0.005 -62"><span class='ocrx_word' id='word_1_388' title='bbox 113 3472 152 3520; x_wconf 73' lang='lat' dir='ltr'>’It</span> <span class='ocrx_word' id='word_1_389' title='bbox 163 3471 243 3582; x_wconf 63' lang='lat' dir='ltr'>migaht</span> <span class='ocrx_word' id='word_1_390' title='bbox 255 3471 306 3520; x_wconf 87' lang='lat' dir='ltr'>also</span> <span class='ocrx_word' id='word_1_391' title='bbox 316 3469 378 3520; x_wconf 82' lang='lat' dir='ltr'>bave</span> <span class='ocrx_word' id='word_1_392' title='bbox 389 3471 451 3518; x_wconf 87' lang='lat' dir='ltr'>been</span> <span class='ocrx_word' id='word_1_393' title='bbox 462 3487 494 3519; x_wconf 79' lang='lat' dir='ltr'>ae.</span> 
     </span>
    </p>

    <p class='ocr_par' dir='ltr' id='par_1_8' title="bbox 189 3537 561 3584">
     <span class='ocr_line' id='line_1_47' title="bbox 189 3537 561 3584; baseline -0.003 0"><span class='ocrx_word' id='word_1_394' title='bbox 189 3537 200 3584; x_wconf 92' lang='lat'>1</span> <span class='ocrx_word' id='word_1_395' title='bbox 550 3547 561 3583; x_wconf 91' lang='lat' dir='ltr'>t</span> 
     </span>
    </p>
   </div>
   <div class='ocr_carea' id='block_1_4' title="bbox 0 0 1157 3844">
    <p class='ocr_par' dir='ltr' id='par_1_9' title="bbox 0 0 1157 3844">
     <span class='ocr_line' id='line_1_48' title="bbox 0 0 1157 3844; baseline 0 0"><span class='ocrx_word' id='word_1_396' title='bbox 0 0 1157 3844; x_wconf 95' lang='lat' dir='ltr'> </span> 
     </span>
    </p>
   </div>
  </div>
 </body>
</html>
