2322 3850
140 215 177 270 ⁶2
405 229 445 270 us
468 229 575 270 ousrrs
597 229 781 270 sessanum.

137 345 294 392 concurrunt
323 337 357 390 ad
387 337 503 392 delenda
526 338 657 406 praesidia
680 339 831 394 Persarum.
878 339 930 400 Qui
952 338 1044 410 territi,

138 417 228 460 tamen
246 425 322 476 spem
340 407 471 460 retinendi
489 408 643 476 Aegyptum
667 424 718 460 non
736 409 892 462 omiserunt.
929 408 980 462 Sed
1000 425 1046 462 eos

139 479 277 544 Amyntas,
298 475 395 544 proelio
420 485 562 546 superatos,
581 476 607 528 in
626 475 719 528 urbem
736 477 881 558 compellit,
900 479 1045 548 castrisque

173 545 229 597 sitis
243 547 354 597 victores
372 545 406 597 ad
427 563 459 615 po
479 544 590 598 ulandos
608 562 691 612 agros,
705 546 778 599 velut
799 565 824 600 m
845 547 932 600 medio
952 547 1046 618 positis

158 616 254 666 ostium
277 615 397 684 cunctis,¹
415 564 570 682 agebantur.
606 615 698 682 ltaque
724 615 860 685 Mazaces,
880 634 1045 687 quamquam

140 683 238 736 infelici
262 683 359 754 proelio
389 701 495 737 suorum
524 683 628 736 animos
656 687 759 737 territos
789 703 848 740 esse
879 695 1044 755 cognoverat,

140 765 228 806 tamen
247 753 377 824 palantes²
389 763 415 807 et
432 753 556 806 victoriae
577 752 675 806 fiducia
695 755 814 810 incautos
831 765 974 826 ostentans,
988 773 1045 826 per·

140 822 205 894 pulit
223 839 256 875 ue
276 822 428 876 dubitarent
443 840 476 876 ex
495 823 560 876 urbe
579 841 718 892 erumpere
737 832 764 876 et
782 842 824 877 res
840 827 954 878 amissas
972 842 1046 878 recu·

177 910 240 945 rare.
277 891 307 946 Id
326 893 464 947 consilium
484 909 535 945 non
556 892 654 946 ratione
673 893 834 964 prudentius,
848 913 927 964 quam
947 908 1046 948 eventu

139 910 254 1016 iieelicius¹
271 961 335 1016 suit:
360 963 394 1015 ad
413 979 497 1015 unum
513 964 617 1014 omnes⁴
635 980 697 1016 cnm
716 963 771 1032 ipso
789 963 857 1017 duce
876 965 955 1017 occisi
975 973 1045 1018 sunt.

139 1031 194 1084 Has
206 1049 305 1102 poenas
316 1035 448 1102 Amyntas
467 1031 571 1100 utrique
593 1033 646 1100 regi
668 1031 749 1101 dedit,
763 1033 844 1086 nihilo
863 1034 949 1102 magis
967 1033 1046 1088 eiad

127 1119 219 1172 ·quem
235 1102 409 1171 transfugerat
422 1100 499 1169 fidus,
513 1117 593 1170 quam
606 1100 645 1154 illi
656 1119 736 1171 quem
749 1101 911 1155 deseruerat.

176 1177 199 1226 6.
221 1172 300 1225 Darei
323 1180 465 1241 praetores,
483 1171 531 1291 poi
553 1171 650 1242 proelio
668 1171 738 1241 apud
756 1172 828 1226 Isson
848 1169 1044 1242 superfuerant,

140 1241 286 1294 cumomni
299 1256 379 1294 mauu
401 1257 470 1310 quae
494 1240 615 1308 ugientes
627 1251 718 1292 secuta
730 1249 794 1309 erat,
807 1249 946 1309 assumpta
963 1242 1046 1296 etiam

140 1309 327 1380 Cappadocum
338 1319 366 1362 et
400 1309 577 1378 aphlagonum
594 1308 740 1379 juventute,
754 1309 774 1376 L
787 1309 867 1362 *diam
885 1327 1044 1380 recuperare

140 1381 315 1449 temptabant.
351 1380 506 1448 Antigonus,
532 1389 635 1448 praetor
660 1327 814 1448 Alexantiri,
840 1379 941 1449 Lydiae
971 1397 1047 1449 prae·

140 1460 210 1502 erat:
230 1449 282 1517 qui,
302 1465 466 1517 quamquam
485 1447 624 1517 plerosque
644 1448 758 1502 militum
783 1465 817 1500 ex
841 1449 989 1517 praesidiis⁶
1010 1449 1046 1504 ad

139 1535 231 1586 regem
243 1518 385 1585 dimiserat,
396 1528 485 1570 tamen
495 1517 614 1570 barbaris
625 1519 727 1587 spretis,
739 1517 764 1569 in
773 1517 862 1570 aciem
871 1535 932 1571 snos
944 1519 1045 1572 eduxit.

140 1589 245 1642 Eadem
257 1587 310 1639 illic
322 1603 427 1656 quoque
439 1587 542 1640 fortuna
560 1587 675 1656 partium
694 1587 757 1639 luit:
778 1587 862 1640 tribus
874 1587 982 1658 proeliis
993 1587 1046 1642 alia

139 1667 218 1726 atque
242 1657 294 1709 alia
317 1656 433 1724 regionel
451 1656 607 1726 commissis,
632 1657 728 1710 Persae
752 1655 904 1708 funduntur.
941 1657 1046 1712 Eodem

139 1736 258 1797 tempore
271 1725 363 1779 classis
374 1725 555 1780 Macedonum
572 1743 606 1780 ex
623 1727 734 1781 Graecia
746 1727 837 1796 arecita,
851 1727 1044 1797 Aristomenen,

139 1798 183 1866 qui
196 1797 230 1850 ad
242 1795 405 1866 Hellesponti
417 1813 490 1850 oram
510 1797 718 1866 recuperandam
730 1814 746 1848 a
758 1797 843 1848 Dareo
863 1806 919 1849 erat
939 1797 1044 1867 missus,
1072 1815 1074 1818 ·
1154 1803 1155 1806 ’

139 1867 223 1936 captis
240 1867 299 1936 ejus
316 1873 362 1918 aut
380 1867 475 1920 mersis
492 1866 605 1920 navibus
623 1873 736 1934 superat.
772 1869 796 1918 A
814 1865 930 1920 Milesiis
947 1865 1045 1919 deinde

139 1936 327 1990 Pharnabazus
344 1936 495 2006 praelectus
515 1936 637 1988 Persicae
658 1935 751 1986 classis
770 1936 885 2004 pecunia
902 1945 1004 2004 exacta,
1018 1944 1045 1989 et

98 2039 101 2046 .
139 2006 268 2075 praesidio
299 2006 325 2058 in
355 2005 449 2059 urbem
479 2005 576 2058 Chium
605 2003 759 2072 introductO,
793 2014 900 2058 centum
930 2005 1045 2066 navibus

138 2075 268 2145 Andrum,
282 2085 308 2128 et
327 2074 387 2128 inde
406 2074 533 2144 Siphnum
548 2070 637 2196 petiit.
672 2073 727 2126 Has
742 2090 846 2142 quoque
859 2074 958 2128 insulas
970 2091 1045 2144 pree·

139 2145 212 2197 sidiis
226 2153 345 2214 occupat,
383 2144 478 2200 ecunia
501 2161 545 2196 mu
558 2147 615 2196 tat.l
650 2141 808 2210 Magnitudo
827 2143 897 2212 belli,
918 2145 989 2212 quod
1009 2144 1044 2197 ab

138 2214 345 2282 opulentissimis
358 2162 478 2282 Europae
491 2213 624 2282 Asiaeque
638 2213 742 2280 regibus
756 2212 779 2264 in
793 2229 869 2282 spem
882 2213 961 2267 totius
973 2213 1044 2267 orbis

138 2283 283 2352 occupandi
295 2283 443 2350 gerebatur,
457 2283 584 2336 Graeciae
596 2281 700 2352 quoque
721 2291 747 2334 et
768 2283 862 2335 Cretae
881 2299 954 2335 arma
971 2298 1044 2338 com·

138 2363 267 2406 moverat.
304 2353 376 2420 Agis,
390 2352 659 2409 Lacedaemoniorum
674 2370 726 2422 rex,
740 2361 798 2404 octo
810 2351 918 2405 milibus
931 2353 1044 2406 Graeco·

139 2442 204 2490 rum,
218 2423 262 2492 qui
276 2441 310 2476 ex
322 2421 414 2476 Cilicia
426 2419 529 2490 profugi
541 2422 634 2475 domos
647 2423 812 2491 repetierant,
826 2422 973 2489 contractis,
987 2419 1043 2474 bel·

138 2493 192 2547 ium
215 2493 351 2559 Antipatro
371 2491 547 2544 Macedoniae
566 2489 699 2560 praefecto
717 2491 882 2559 moliebatur,
902 2491 1044 2543 Cretenses

168 2650 174 2671 ¹
186 2642 264 2690 ‘Asis
276 2642 307 2690 all
319 2642 359 2690 the
371 2641 522 2702 possessions
533 2641 561 2689 of
572 2642 613 2690 the
629 2657 716 2702 enemy
728 2641 775 2690 had
790 2639 852 2689 been
867 2640 941 2702 given
951 2641 1003 2700 up,’
1015 2657 1044 2691 or
1129 2634 1131 2638 ’
1154 2701 1155 2708 ἵ

140 2709 146 2731 ‘
156 2701 312 2750 abandoned!

165 2768 175 2792 ⁹
186 2770 191 2788 ‘
201 2759 351 2824 Wandering
361 2761 444 2815 about,
457 2758 559 2807 without
569 2760 680 2808 restraint
692 2775 718 2807 or
729 2759 798 2807 care.¹

166 2821 231 2870 ³We
248 2821 362 2869 translate
381 2820 423 2868 the
441 2830 555 2867 sentence
567 2819 626 2867 with
640 2819 719 2878 ‘quite
736 2834 761 2866 as
770 2819 786 2866 ε’
802 2818 865 2866 ‘this
881 2819 979 2868 scheme
991 2834 1042 2868 was

137 2883 252 2990 ppptsseps,
272 2878 431 2939 successfully
447 2878 574 2934 executed,
592 2895 618 2927 ae
635 2879 652 2928 it
669 2894 719 2926 was
741 2877 870 2940 prudently
885 2894 912 2928 or
931 2877 1043 2939 shilsnlly

168 3005 175 3027 ⁴
187 2998 239 3066 ‘All
251 3010 299 3078 to,a
309 3015 365 3048 mun
373 2999 390 3056 ;'
404 2997 496 3054 thetis,
508 2997 574 3046 since
586 2996 626 3046 the
638 3013 700 3045 unus
712 2996 733 3044 is
744 2995 863 3054 included,
879 2996 927 3044 ‘all
937 2994 1041 3046 without

137 3067 291 3187 exyyrgrpp„
298 3117 338 3185 the
347 3127 414 3165 stron
440 3117 529 3184 places,
539 3116 619 3163 where
628 3114 658 3162 he
670 3114 716 3163 had
724 3113 861 3188 garrientis,
889 3113 1042 3164 Praesidium

138 3193 158 3226 rs
170 3175 228 3225 both
239 3191 254 3223 a
264 3189 371 3234 gerrrson
381 3191 410 3224 nn
439 3191 571 3236 agarrrson
581 3183 653 3221 town.

166 3235 239 3283 'The
250 3248 335 3294 proper
350 3249 420 3294 prose
436 3235 577 3294 expression
595 3233 615 3282 is
632 3236 659 3282 in
675 3235 774 3295 regiam.
806 3232 852 3280 See
866 3233 972 3286 Grani
987 3237 1039 3292 307,

139 3299 342 3404 1,p,I{.ds⁰rmne
354 3351 447 3420 ,proyed
462 3351 534 3400 fichle
546 3353 570 3420 in
581 3333 743 3420 Alexander&
754 3351 817 3398 main
828 3367 879 3421 arm
899 3387 905 3408 ,
917 3351 948 3399 he
960 3351 1041 3401 would

137 3413 199 3462 have
210 3411 257 3461 had
268 3427 282 3458 a
292 3426 342 3458 war
353 3425 378 3458 tn
388 3411 426 3458 hrs
437 3426 496 3466 rear,
510 3411 598 3466 which,
611 3411 762 3472 considenng
772 3410 813 3459 the
824 3410 861 3460 dis
896 3411 967 3460 ected
977 3421 1041 3461 state

137 3471 166 3522 of
179 3473 279 3527 Greece,
294 3469 369 3530 might
382 3471 441 3516 have
454 3469 542 3527 proved
553 3469 693 3530 dangerous.
