2274 3844
484 243 576 284 111111
596 245 660 286 1111.
965 231 1022 286 eet

112 357 213 420 quanto
230 350 341 404 meliore
359 362 435 420 sorte,
455 368 536 421 quam
556 353 661 422 Persae,
679 353 730 408 snb
744 370 806 424 rege
818 355 934 408 vivatis'l
970 354 1024 410 lllis

111 421 187 474 enim
206 422 233 473 in
253 421 319 474 sella
338 421 407 489 regis
422 421 575 474 consedisse
591 423 695 491 capital¹
713 423 787 493 foret,
801 425 848 478 tibi
867 425 944 479 saluti
964 425 1023 478 fuit.

111 491 222 543 Postero
240 489 283 543 die
301 491 450 544 convocatis
467 491 563 544 amicis
580 493 768 561 copiarumque
780 493 898 561 ducibus,
911 512 1024 564 pronun·

19 609 27 614 .
111 559 173 612 tiari
193 559 279 630 jussit,
301 561 389 628 ipsum
409 563 504 628 omnia,
523 579 592 630 quae
612 562 712 614 amissa
732 572 828 632 essent,
849 563 1021 618 redditurum.

111 629 146 682 Et
162 630 292 698 promisso
309 630 377 682 fides
394 630 501 684 extitit.²
535 631 606 684 Nam
625 631 795 701 Sysimithres
807 633 889 686 multa
903 634 1024 703 jumenta

111 709 138 750 at
161 699 328 751 camelorum
350 699 402 752 duo
425 699 501 752 milia
522 699 640 768 adduxit,
665 717 813 771 pecoraque
838 712 865 754 et
887 715 1023 772 armenta,

110 785 180 838 quae
200 768 342 821 distributa
364 769 461 838 pariter
483 769 598 822 militem
621 779 648 822 et
672 771 770 824 damno
790 778 817 823 et
836 771 909 824 fame
929 773 1022 826 libera·

109 846 213 890 verunt.
250 839 314 906 Rex,
334 839 446 906 gratiam
466 838 515 891 sibi
535 839 647 892 relatam
665 857 681 892 a
700 839 857 908 Sysimithre
880 843 1021 911 praefatus,

109 924 159 959 sex
177 907 281 960 dierum
301 917 375 960 cocta
392 907 492 961 cibaria
509 907 577 960 ferre
597 910 695 962 milites
711 908 797 978 jussit,
814 909 905 978 Sagos³
919 920 1022 978 petens.

109 977 205 1028 Totam
224 977 295 1028 hanc
313 977 446 1044 regionem
463 977 647 1049 depopulatus,
665 979 737 1032 XXX
753 980 828 1034 milia
844 996 970 1050 pecorum
989 997 1023 1034 ex

108 1045 209 1116 praeda
222 1045 371 1114 Sysimithri
383 1045 451 1098 dono
462 1047 517 1098 dat.

147 1121 189 1168 16.
208 1115 273 1168 lude
293 1116 412 1184 pervenit
429 1116 617 1185 in'regionem,
637 1116 680 1170 cui
698 1119 834 1188 Oxyartes,
847 1125 966 1188 satrapes
978 1135 1023 1171 no·

108 1185 180 1252 bilis,
195 1197 321 1254 praeerat,
336 1185 380 1306 gui
399 1202 428 1238 se
447 1187 517 1307 refiis
534 1189 657 1255 potestati
674 1188 791 1258 fideique
809 1188 938 1257 permisit.
974 1189 1023 1242 llle

109 1255 223 1323 irnperio
244 1255 268 1306 ei
289 1255 334 1307 red
357 1255 399 1324 ito,
420 1255 474 1308 hau
516 1255 639 1325 amplius,
660 1274 742 1328 quam
762 1266 790 1311 ut
813 1257 865 1310 duo
886 1257 1023 1312 extribus

108 1323 170 1376 filiis
193 1341 288 1376 secum
311 1324 462 1392 militarent,
487 1327 586 1394 exegit.
629 1327 752 1396 Satrapes
774 1327 855 1380 etiam
879 1345 950 1397 eum,
975 1329 1022 1396 qui

108 1410 194 1462 penes
216 1393 304 1462 ipsum
327 1393 530 1463 relinquebatur,
551 1395 638 1448 tradit.
675 1397 789 1450 Barbare
807 1396 941 1518 opulentia
961 1415 1022 1452 con-

108 1463 217 1532 vivium,
240 1480 292 1532 qno
312 1479 403 1531 regem
423 1464 579 1534 accipiebat,
601 1465 767 1522 instruxerat.
802 1467 814 1520 1
853 1483 915 1520 cum
939 1467 1023 1521 multa

107 1533 236 1584 comitate
256 1533 411 1601 celebraret,
433 1533 561 1586 introduci
585 1534 656 1588 XXX
675 1537 778 1590 nobiles
797 1537 912 1603 virgines
934 1536 1021 1607 jussit.

108 1603 180 1655 Inter
197 1619 265 1670 quas
283 1610 338 1655 erat
357 1602 411 1655 filia
429 1602 513 1671 ipsius
530 1603 638 1656 Roxane
656 1607 770 1674 nomine,
789 1607 889 1659 eximia
906 1607 1022 1676 corporis

106 1672 198 1740 specie
212 1681 239 1724 et
252 1672 347 1724 decore
360 1671 467 1724 habitus
484 1671 510 1724 in
528 1672 737 1727 barbarismos
771 1675 846 1734 Quae
858 1693 1022 1744 quamquam

106 1741 175 1794 inter
194 1741 295 1794 electas
312 1749 484 1810 processerat,
500 1743 619 1796 omnium
638 1752 729 1798 tamen
746 1745 835 1798 oculos
853 1747 981 1798 convertit
993 1745 1022 1798 irr

105 1827 143 1879 se,
164 1811 286 1865 maxime
306 1812 385 1880 regis,
402 1811 491 1864 minus
509 1828 565 1880 Jam
583 1813 774 1880 cupiditatibus
792 1813 846 1866 suis
867 1814 1022 1882 imperantis
1118 1847 1121 1862 .

104 1880 174 1932 inter
192 1881 331 1949 obsequia⁶
347 1880 476 1951 fortunae,
495 1889 684 1951 contraquam
704 1898 753 1934 non
773 1882 839 1934 satis
857 1891 935 1936 cauta
954 1901 1022 1935 mor·

104 1949 205 2003 talitas⁰
226 1959 276 2004 est.
311 1950 404 2019 Itaque
425 1949 477 2020 ille,
498 1951 544 2019 qui
565 1966 674 2004 uxorem
695 1951 782 2018 Darei,
802 1953 848 2020 qui
866 1951 934 2004 duas
954 1953 1022 2006 filias

103 2019 230 2090 virgines,
255 2020 353 2089 quibus
378 2019 464 2072 forma
488 2028 593 2089 praeter
617 2021 743 2074 Roxanen
771 2021 918 2089 comparari
949 2021 1022 2074 nulle

103 2097 217 2159 poterat,
237 2088 310 2142 haud
327 2088 379 2141 alio
396 2090 492 2158 animo,
509 2106 590 2158 quam
608 2090 731 2160 parentis,
747 2098 894 2159 aspexerat,
915 2100 977 2143 tunc
995 2091 1021 2144 in

69 2165 74 2172 '
103 2175 225 2212 amorem
250 2159 442 2227 virgunculae,⁷
464 2159 486 2212 si
511 2159 599 2226 regiae
623 2159 696 2212 stiri
721 2168 924 2228 compararetur,
949 2160 1021 2227 igno·

103 2227 174 2298 bilis,
190 2230 227 2281 ita
239 2229 341 2282 effusus
353 2236 401 2296 est,
415 2235 444 2280 ut
456 2227 558 2280 diceret
575 2228 609 2281 ad
628 2177 818 2282 stabiliendum
835 2246 945 2297 regnum
964 2246 1021 2298 per-

105 2299 199 2367 tinere,
219 2298 315 2351 Persas
332 2306 359 2350 et
377 2297 542 2350 Macedones
553 2297 683 2352 connubio
695 2298 786 2368 jungi:
805 2297 855 2351 hoc
873 2317 924 2352 uno
943 2298 1020 2352 modo

104 2376 131 2420 et
154 2368 287 2436 pudorem
310 2367 396 2437 victis,
418 2377 445 2421 et
468 2367 622 2436 superbiam
641 2367 784 2422 victoribus
807 2368 911 2427 detrahi
934 2385 1020 2438 posse,

103 2437 242 2490 Achillem
260 2453 373 2506 quoque,
387 2453 403 2489 a
415 2453 466 2506 quo
484 2453 570 2506 genus
587 2437 644 2507 ipse
663 2437 818 2502 deduceret,
836 2456 897 2492 cum
916 2438 1021 2508 captiva

103 2507 207 2560 coisse:
233 2523 267 2558 ne
292 2505 381 2558 inferri
404 2505 481 2558 nefas
506 2507 699 2577 arbitrarentur,
723 2509 760 2562 ita
782 2509 941 2562 matrimonii
962 2507 1020 2576 jure

104 2576 176 2628 velle
195 2575 292 2645 jungi.⁸
326 2577 461 2645 Insperato
480 2577 577 2644 gaudio
595 2576 680 2629 laetus
699 2585 774 2646 pater
793 2595 942 2630 sermonem
964 2576 1022 2645 ejus

103 2645 220 2714 excipit:
241 2654 268 2697 et
280 2663 328 2698 rex
339 2648 365 2697 in
379 2644 469 2698 medio
481 2645 634 2714 cupiditatis
646 2647 739 2699 ardore
749 2647 827 2717 jussit
839 2646 925 2698 afferri
938 2647 1020 2713 patrio

103 2731 180 2768 more
192 2731 300 2784 panem.
331 2715 387 2767 Hoc
396 2724 453 2768 eret
461 2716 531 2784 apud
544 2715 709 2768 Macedones
717 2715 915 2768 sanctissimum
924 2718 1019 2766 cce'un·

133 2836 141 2858 ¹
155 2831 190 2876 ‘A
202 2829 291 2889 capital
302 2831 376 2878 crime
385 2831 401 2878 t’
418 2830 459 2878 the
473 2841 559 2879 neuter
568 2830 596 2878 of
607 2832 725 2893 capitolia,
737 2829 798 2875 with
809 2827 850 2874 the
862 2827 968 2874 ostruck
979 2827 1019 2877 off.

131 2888 225 2996 'f‘tihfirlrd
236 2889 278 2936 tlre
286 2890 395 2970 ‚promise
407 2905 457 2937 was
469 2889 527 2950 kept
536 2891 551 2938 :’
564 2892 635 2952 fides,
648 2890 714 2944 here,
730 2885 840 2934 ‘faithful
855 2885 1019 2946 performunce

104 2963 132 2998 or
153 2965 168 2996 u
208 2958 283 2996 ment.

133 3013 143 3036 ¹
154 3008 197 3054 An
208 3008 335 3054 unknown
344 3007 405 3055 tribe
417 3008 441 3055 in
453 3007 586 3068 Sogdiana:
599 3015 640 3054 not
650 3005 691 3053 the
700 3019 768 3052 same
776 3019 803 3052 es
812 3003 852 3052 the
865 3003 949 3061 Sacae,
961 3005 1020 3054 witlr

104 3067 189 3114 whom
201 3067 250 3120 (vii.
263 3071 300 3120 38)
311 3082 385 3125 peace
397 3067 443 3115 had
454 3069 516 3115 been
527 3065 666 3116 concluded.

133 3131 143 3154 ⁴
156 3132 162 3152 ‘
173 3125 211 3172 01
218 3141 233 3173 a
241 3125 348 3186 decency
356 3125 384 3173 of
391 3126 459 3174 dress
467 3141 519 3174 raro
528 3141 616 3185 among
624 3121 762 3172 barbarians
771 3123 787 3180 ;'
799 3121 851 3172 that
862 3122 892 3179 is,
908 3123 1021 3173 ‘dressed

105 3185 167 3232 with
179 3201 193 3232 a
204 3185 314 3244 decency
323 3185 402 3245 rarely
413 3201 481 3233 seem
491 3200 579 3244 among
590 3181 745 3231 barbaricus!

134 3243 301 3292 “Favours.’

134 3309 144 3333 ⁸
158 3308 164 3329 ¹
174 3301 274 3350 Humen
285 3303 389 3359 nature‚'
400 3303 541 3351 sometimes
551 3301 689 3360 equivalent
700 3310 725 3350 to
736 3303 853 3351 mortales.

135 3366 144 3390 ¹
157 3363 192 3408 ‘A
204 3377 286 3422 young
297 3361 411 3420 maiden,’
425 3361 474 3408 like
485 3363 621 3410 muliercula
636 3359 697 3409 from
712 3363 804 3419 molter,
817 3359 956 3430 expressive
967 3357 995 3410 01
1006 3376 1021 3410 tr

106 3421 200 3470 certain
211 3421 300 3481 degree
311 3421 340 3469 01
352 3429 485 3478 contempt,
498 3435 526 3467 so
536 3417 571 3467 for
583 3435 609 3467 as
620 3421 736 3482 regarded
746 3419 790 3469 her
800 3430 888 3469 station
900 3419 924 3466 in
935 3416 984 3468 lise.

134 3485 144 3511 ⁸
157 3481 213 3528 ‘He
225 3480 340 3529 intended
351 3489 376 3528 to
386 3479 453 3530 unite
464 3476 565 3528 himself
576 3487 602 3527 to
612 3479 656 3529 her
666 3481 699 3540 by
710 3479 829 3542 eregular
840 3478 974 3542 marriage!
