2322 3850
151 183 189 240 bb
417 197 456 237 ur
478 197 585 240 cruris
606 197 791 240 nunnoni

150 312 280 376 quantum
302 321 399 376 capere
421 313 549 375 poterant,
573 305 708 360 distarent.
749 305 807 359 Hoc
828 305 957 377 puppium
981 306 1064 360 iuter·

150 375 251 428 vallum
268 375 390 428 antennis
407 375 593 444 asseribusque
608 375 704 428 validis
721 374 850 446 deligatis,
864 393 996 445 superque
1015 392 1064 428 eos

151 443 272 524 pontibus
294 444 390 512 stratis,
410 443 456 513 qui
478 444 591 498 militem
615 445 781 514 sustinerent,
805 445 997 514 impleverant:
1023 445 1064 498 sic

151 521 292 567 instructas
318 513 499 582 quadriremes
523 513 557 566 ad
584 513 679 567 urbem
703 514 831 582 agebant:
863 513 924 568 inde
950 514 1065 568 missilia

151 583 178 636 in
198 594 392 652 propugnantes
415 582 600 652 ingerebantur
619 591 682 652 tuto,
702 582 766 652 quia
787 583 867 652 proris
890 583 969 636 miles
990 593 1064 652 tege-

151 651 236 704 batur.
272 651 367 706 Media
384 668 436 706 nox
453 660 517 720 erat,
530 668 594 706 oum
605 651 728 720 classem,
741 653 818 706 sicuti
837 651 939 706 dictum
957 661 999 706 est
1015 671 1064 724 pa-

151 731 243 788 utam,
264 721 404 775 circumire
424 737 513 776 muros
534 718 617 791 jubet,
638 720 746 791 jamque
766 738 848 774 naves
866 721 924 775 urbi
946 721 1064 790 undique

150 790 368 862 admovebantur,
388 799 415 844 et
432 791 455 844 T
476 790 505 842 rii
516 789 699 860 desperatione
718 790 880 860 torpebant;¹
901 808 963 844 cum
975 789 1063 846 subito

152 860 253 930 spissae
271 859 356 914 nubes
373 861 447 914 iuten
466 861 521 912 ere'
538 876 567 912 se
585 860 666 930 coelo,
686 869 712 913 et
730 859 854 928 quicquid
873 859 940 914 lucis
958 861 1064 914 interni-

151 929 224 984 tebat
236 929 323 984 effusa
334 930 447 998 caligine
459 931 607 984 extinctum
618 938 667 982 est.
702 930 772 983 Turn
785 929 978 983 inhorrescens³
989 947 1063 984 mare

151 999 277 1070 paulatim
303 999 394 1063 levari,
417 997 523 1068 deiude,
547 999 646 1054 acriore
670 1009 749 1052 vento
772 999 940 1067 concitatum,
965 999 1064 1054 fluctus

151 1070 230 1139 ciere,
244 1079 271 1124 et
282 1070 350 1123 inter
361 1086 391 1121 se
403 1068 510 1137 navigia
521 1067 656 1122 collidere.
693 1069 805 1137 Jamque
817 1067 903 1122 scindi
918 1079 1063 1137 coeperunt

151 1139 267 1210 vincula,
285 1139 382 1209 quibus
398 1153 534 1192 connexae
552 1137 734 1207 quadriremes
751 1147 832 1206 erant,
846 1154 922 1190 ruere
935 1137 1062 1208 tabulata,

152 1218 179 1264 et
196 1227 258 1262 cnm
276 1208 374 1278 ingenti
394 1207 495 1274 fragore
513 1208 540 1260 in
557 1206 717 1276 profundum
733 1225 825 1260 secum
837 1206 935 1260 milites
948 1206 1062 1260 trahere.

151 1279 248 1349 Neque
262 1280 335 1332 enim
349 1286 470 1330 conserta
488 1276 594 1345 navigia
613 1277 666 1332 ulla
683 1295 733 1346 ope
751 1277 777 1330 in
798 1275 910 1330 turbido⁴
923 1277 977 1344 regi
991 1285 1063 1346 pote

152 1359 224 1401 rant:
246 1348 325 1402 miles
343 1347 489 1402 ministeria
508 1356 657 1416 nautarum,
678 1364 768 1400 remex
788 1346 881 1398 militis
900 1345 992 1398 officia
1012 1355 1063 1399 tur·
1151 1393 1152 1402 ,

150 1417 246 1487 babat5
264 1426 299 1497 et,
312 1416 381 1486 quod
401 1416 427 1469 in
445 1415 577 1486 ejusmodi
589 1434 653 1469 casu
665 1417 771 1480 accidit,
784 1416 860 1486 periti
878 1415 977 1483 ignaris
988 1432 1063 1486 pare·
1151 1413 1152 1460 ἶ

150 1487 228 1542 bunt:
247 1503 346 1564 quippe
364 1485 562 1554 gubernatores,
580 1485 647 1540 alias
664 1485 796 1555 imperare
814 1485 891 1553 soliti,
912 1495 970 1538 turn
988 1496 1063 1540 metu

150 1557 243 1610 mortis
259 1573 332 1625 yussa
344 1555 551 1624 exequebantur.
588 1555 709 1610 Tandem
723 1555 803 1608 remis
816 1555 977 1624 pertinacius
989 1572 1063 1608 ever·

151 1626 283 1680 beratum⁵
306 1643 380 1679 mare
404 1624 487 1678 ueluti
509 1624 682 1694 eripientibus
705 1625 811 1694 navigia
834 1624 952 1676 classicis
974 1624 1062 1693 cessit,

150 1696 313 1766 appulsaque
326 1704 388 1749 sunt
400 1693 467 1748 litori
488 1694 603 1748 lacerata
615 1694 748 1766 pleraque.
1150 1729 1152 1758 ,

189 1772 228 1818 te.
250 1765 347 1820 lisdem
369 1765 434 1817 sorte
454 1735 549 1818 diebus
563 1763 827 1832 Carthaginiensium
852 1762 933 1832 legati
957 1763 1063 1832 triginta
1090 1753 1112 1797 >¹
1151 1761 1152 1824 ζ

150 1835 347 1906 superveniunt,
377 1835 464 1904 magis
496 1835 612 1888 obsessis
643 1833 774 1902 solatium,
806 1849 888 1902 quam
916 1833 1063 1900 auxilium,
1150 1875 1152 1886 .

150 1907 250 1976 quippe
272 1905 417 1960 domestico
443 1904 510 1958 bello
534 1905 635 1958 Poenos
658 1903 790 1973 impediri,
812 1920 862 1955 nee
885 1901 920 1954 de
943 1901 1062 1972 imperio,
1150 1887 1152 1908 Α

151 1976 198 2029 sed
216 1993 262 2045 pro
282 1976 368 2030 salute
385 1975 521 2042 dimicare,
540 1973 704 2027 nuntiabant.
741 1971 898 2042 Syracusani
918 1980 977 2024 tum
995 1971 1062 2026 Airi-

151 2062 212 2100 cam
233 2046 352 2114 urebant,
372 2055 399 2098 et
419 2043 490 2097 haud
511 2043 601 2113 procul
625 2041 790 2110 Carthaginis
810 2041 893 2094 muris
910 2039 1063 2094 locaverant

151 2116 257 2168 castra.⁶
291 2117 351 2170 Non
372 2123 461 2168 tamen
482 2113 607 2166 deiecere
626 2111 723 2166 animia
746 2110 828 2180 Tyrii,
846 2127 1012 2179 quamquam
1029 2110 1063 2166 ab

151 2185 253 2252 ingenti
272 2187 331 2254 spe⁷
347 2183 467 2236 destituti
485 2193 575 2250 erant,
598 2182 645 2235 sed
669 2181 797 2262 conjuges
815 2179 965 2249 liberosque
983 2181 1062 2234 deve·

151 2253 253 2308 hendos
273 2253 457 2320 Carthaginem
479 2252 650 2322 tradiderunt,
670 2251 762 2304 fortius
782 2249 907 2319 quicquid
928 2249 1063 2302 accideret

152 2323 236 2390 laturi,
262 2323 286 2375 si
309 2323 473 2375 carissimam
500 2321 540 2374 sui
566 2331 670 2390 partem
694 2330 768 2374 extra
791 2327 888 2372 sortem
913 2320 1063 2372 communis

151 2391 262 2463 periculi
281 2391 443 2445 habuissent.
480 2389 600 2461 Cumque
614 2407 683 2442 unus
694 2407 709 2443 e
722 2388 825 2442 civibus
842 2375 868 2441 ih
887 2389 1012 2442 contione
1025 2390 1062 2442 iu·

151 2462 275 2531 dicasset,
294 2461 411 2514 oblatam
429 2476 489 2512 esse
508 2477 555 2530 por
573 2476 695 2513 somnum
716 2459 766 2514 sibi
787 2459 905 2528 speciem
925 2461 949 2512 A
986 2458 1061 2528 llinis,

151 2549 233 2603 quern
246 2531 345 2584 eximia
358 2529 483 2598 religione
495 2529 618 2599 colerent,
631 2529 726 2583 urbem
741 2527 896 2596 deserentis,
909 2545 954 2580 mo
965 2545 1063 2598 emque

150 2621 168 2656 a
179 2600 374 2655 Macedonibus
391 2601 417 2652 in
436 2599 490 2652 salo
507 2598 607 2669 jactam
619 2597 646 2651 in
659 2597 807 2652 silvestrem
822 2597 918 2655 saltum
932 2615 992 2650 esse
1006 2614 1063 2650 mu·

151 2681 249 2728 tetam:
277 2673 441 2742 quamquam
463 2677 555 2724 auctor
578 2667 646 2722 levis
669 2677 733 2740 erat,
758 2676 848 2720 tamen
872 2667 906 2718 ad
932 2665 1063 2720 deteriora

180 2817 187 2838 ¹
200 2809 276 2858 Their
286 2807 358 2856 blood
368 2806 432 2855 sroze
443 2806 467 2854 in
479 2805 541 2854 their
551 2805 634 2862 veins;
652 2803 715 2852 their
725 2818 810 2851 sensas
821 2817 885 2850 were
896 2801 1043 2850 benumbed.
1148 2810 1149 2814 ’

179 2869 261 2918 ²This
273 2869 293 2916 is
304 2867 346 2916 the
357 2866 447 2926 perfect
458 2864 596 2920 indicative,
609 2873 649 2910 not
661 2863 703 2910 the
712 2861 837 2911 infinitiva.

180 2933 189 2956 ⁸
200 2929 304 2976 Horrere
315 2927 335 2975 is
346 2927 406 2974 used
421 2924 533 2985 properly
543 2923 571 2970 of
583 2939 597 2970 a
607 2921 700 2972 surface
712 2921 792 2969 which
803 2921 823 2968 is
834 2919 946 2975 bristled,
958 2919 1064 2968 studded

151 2987 212 3034 with
226 2987 317 3045 spihes.
348 2986 419 3034 Thus
435 2985 476 3034 the
492 2999 534 3040 sea
549 2998 608 3042 may
616 2983 646 3030 he
658 2980 710 3033 said
721 2983 885 3036 inhorrescere,
898 2979 971 3048 when
986 2980 1005 3028 it
1021 2980 1062 3028 be-

151 3060 233 3094 comes
245 3061 324 3104 wavy,
338 3045 406 3093 bristl
434 3043 494 3092 with
510 3041 614 3092 billows.
645 3041 684 3088 As
695 3049 720 3087 to
731 3041 814 3096 leucri,
827 3037 869 3086 the
880 3037 1014 3096 historical‚
1026 3053 1062 3094 ot,

151 3121 178 3154 ss
189 3105 207 3153 it
218 3103 294 3164 ought
305 3113 331 3152 to
341 3106 371 3152 be
382 3060 468 3159 called,
480 3101 626 3166 descriptiva
636 3098 762 3156 infinitiva,
776 3114 818 3147 see
830 3097 910 3146 Grona
923 3097 999 3149 l390.

180 3169 189 3193 ⁴
201 3163 257 3210 ‘On
268 3162 308 3210 the
320 3172 413 3222 stormy
423 3162 482 3210 sea!

181 3233 189 3256 ⁶
202 3222 327 3276 ‘Beatam’
343 3221 495 3278 ‘wounded‚'
507 3222 540 3280 by
551 3219 592 3267 the
604 3217 686 3266 stroke
697 3217 726 3266 of
736 3217 780 3277 the,
789 3231 851 3266 cars.

179 3290 188 3314 ¹
202 3283 255 3330 Our
265 3279 351 3329 author
362 3295 442 3328 seems
453 3280 511 3328 here
527 3292 552 3327 to
567 3281 597 3328 be
613 3279 638 3326 in
653 3291 733 3334 error3
750 3275 795 3333 lor,
807 3292 835 3324 so
846 3274 880 3324 lar
891 3289 918 3322 as
930 3289 968 3322 we
979 3273 1063 3329 know,

151 3342 193 3390 the
211 3342 360 3400 Syracusaus
376 3337 433 3397 only
448 3353 508 3386 once
524 3337 639 3417 besieged
656 3335 786 3396 Carthage‚
800 3335 847 3384 aud
862 3333 914 3381 that
926 3346 978 3382 was
989 3333 1065 3383 under

151 3395 560 3506 Agffhhcherh’rdhhla‘thleexihndieorrd
568 3395 689 3501 ddddion.
722 3451 841 3516 Compare
853 3450 902 3499 viii.
914 3453 952 3500 23.
