2294 3842
432 337 439 348 .
490 273 582 314 cisun
601 275 644 315 rx.
961 247 1019 316 285

109 381 218 452 Quippe
236 383 332 436 occisis
348 382 508 452 quibusdam
526 383 709 453 popularium,¹
722 383 767 452 qui
786 383 927 437 validiores
945 391 1019 438 erant

111 468 189 503 arma
201 461 321 521 spectare
333 461 481 522 coeperunt,
495 461 521 503 et
534 453 672 506 Bactriana
684 469 753 520 arce,
767 471 834 521 quae
855 471 918 505 casu
939 454 1020 522 negli-

111 522 220 588 gentius
239 531 373 574 asservata
393 534 456 590 erat,
476 532 611 592 occupata,
625 522 749 575 barbaros
768 540 873 591 quoque
892 524 918 576 in
939 524 1019 576 socie·

113 600 199 642 tatem
222 591 379 643 delectionis
408 592 574 659 impulerant.
610 591 794 644 Athenodorus
819 604 874 645 erat
898 594 1020 662 princeps

112 675 215 727 sorum,
230 660 274 729 qui
288 661 357 728 regis
368 677 471 729 quoque
484 677 580 714 nomen
592 669 778 729 assumpserat,
790 671 904 713 nontam
917 662 1020 731 imperii

113 729 251 796 cupidine,
264 747 343 798 quam
363 731 388 781 in
408 729 520 798 patriam
539 729 686 782 revertendi
704 746 766 781 oum
785 729 834 797 his,
847 731 893 800 qui
911 732 1021 784 auctori·

114 807 199 848 tatem
218 799 300 867 ipsius
319 799 503 867 sequebantur.
539 799 608 852 Huic
620 799 678 851 Bito
695 799 803 868 quidam
823 801 934 852 nationis
952 801 1020 871 ejus·

114 866 187 934 dern,
200 869 248 919 sed
261 867 294 919 ob
306 867 513 920 aemulationem
526 868 643 936 infestus,
653 869 814 937 comparavit
827 867 943 936 iusidias,
956 871 1021 921 invi·

116 947 254 1004 ratumque
272 936 307 989 ad
326 937 418 1006 epulas
437 953 483 1006 per
502 937 602 990 Boxum
622 937 753 1007 quendam
778 936 973 990 Macarianum⁹
995 940 1021 991 in

114 1006 237 1057 convivio
256 1007 360 1058 occidit.
397 1007 502 1059 Postero
526 1007 570 1062 die
590 1007 711 1059 contione
730 1006 858 1058 advocata
878 1005 934 1058 Bito
955 1007 1021 1060 ultro

115 1074 271 1126 insidiatum
284 1075 335 1128 sibi
347 1075 546 1128 Athenodorum
558 1075 690 1144 plerisque
702 1085 883 1144 persuaserat:
904 1076 949 1128 sed
963 1075 1021 1129 aliis

113 1158 242 1212 suspecta
260 1154 315 1196 erat
333 1144 404 1196 sraus
421 1145 527 1212 Bitonis,
541 1154 566 1196 et
586 1146 712 1214 paulatim
729 1147 754 1198 in
768 1145 856 1214 plnres
867 1146 954 1214 coepit
967 1161 1021 1198 ma·

116 1230 182 1264 nare
199 1215 322 1282 suspicio.
358 1214 449 1282 ltaque
462 1215 557 1268 Graeci
575 1215 674 1268 milites
692 1231 766 1266 arma
783 1215 897 1283 capiunt,
911 1215 1022 1267 occisuri

116 1281 246 1349 Bitonem,
264 1284 287 1334 si
303 1283 409 1335 daretur
425 1285 542 1335 occasio:
562 1294 680 1336 ceterum
699 1283 830 1353 principes
848 1300 938 1336 eorum
957 1285 1021 1336 iram

116 1351 296 1404 multitudinis
319 1353 524 1420 mitigaverunt*
550 1353 656 1406 Praeter
680 1370 754 1422 spem
776 1370 851 1405 suam
872 1353 928 1405 Bito
949 1369 1022 1422 prae·

114 1421 186 1472 senti
202 1421 318 1490 periculo
334 1432 447 1492 ereptus,
462 1422 539 1491 paulo
551 1433 608 1491 post
621 1421 759 1476 insidiatus
770 1423 921 1475 auctoribus
931 1423 1022 1476 salutis

114 1507 183 1542 suae
201 1499 256 1542 est:
276 1491 352 1560 cujus
369 1491 428 1542 dolo
445 1493 556 1559 cognito,
571 1503 596 1544 et
616 1493 701 1562 ipsum
720 1491 982 1562 comprehenderunt,
996 1502 1023 1546 et

115 1559 229 1612 Boxum.
266 1561 389 1613 Ceterum
402 1561 500 1613 Boxum
520 1563 637 1631 protinus
655 1561 754 1630 placuit
767 1561 887 1628 interfici,
901 1560 1022 1614 Bitonem
1038 1566 1040 1569 ’

114 1627 197 1680 etiam
212 1646 259 1697 per
270 1630 414 1682 cruciatum
427 1631 524 1682 necari.
554 1631 666 1700 lamque
679 1632 777 1700 corpori
791 1641 921 1684 tormenta
933 1631 1022 1683 admo·

114 1698 255 1766 vebantur,
268 1716 331 1750 oum
347 1698 454 1766 milites,
467 1701 596 1752 incertum
609 1701 642 1752 ob
654 1717 733 1768 quarn
747 1718 864 1763 causam,
879 1699 1023 1768 lymphatis

115 1767 233 1821 similes'
249 1767 284 1820 ad
301 1785 375 1820 anna
393 1769 549 1821 discurrunt.
584 1769 702 1826 Quorum
715 1768 819 1820 fremitu
832 1769 963 1835 exaudito,
978 1771 1022 1838 qui

115 1845 238 1905 torquere
262 1837 382 1890 Bitonem
405 1837 471 1908 jussi
490 1849 571 1907 erant,
591 1839 711 1906 omisere,
732 1839 814 1906 veriti,
834 1855 867 1890 ue
888 1837 913 1889 id
935 1838 1022 1891 lacere

115 1907 334 1958 tumultuantium
354 1907 540 1971 vociferatione
559 1907 779 1976 prohiberemus
814 1907 870 1975 lile,
890 1906 957 1958 siout
977 1925 1023 1960 nu·

113 1976 195 2027 datus
208 1987 271 2043 erat,
285 1977 401 2044 pervenit
413 1977 446 2028 ad
461 1978 582 2045 Graecos,
594 1985 620 2028 et
632 1975 790 2028 miserabilis
801 1974 885 2027 facies
896 1975 1024 2043 supplicio

114 2043 242 2097 destinati
255 2045 280 2098 irr
294 2046 426 2098 diversum
440 2047 543 2098 animos
556 2056 663 2114 repente
674 2046 791 2112 mutavit,
801 2044 950 2112 dimittique
960 2061 1021 2097 eum

112 2113 258 2184 jusserunt.
296 2115 351 2166 Hoc
369 2115 447 2168 modo
465 2132 550 2184 poena
567 2113 609 2167 bis
627 2113 761 2182 liberatuS,
780 2130 842 2166 eum
861 2113 962 2175 ceteris,
977 2115 1022 2181 qui

114 2184 234 2244 colonias
257 2201 273 2234 a
297 2201 357 2252 rege
381 2184 520 2236 attributas
540 2184 707 2252 reliquerunt,
729 2183 834 2236 revertit
855 2183 880 2234 in
901 2181 1021 2250 patriam.

113 2253 193 2305 Haec
203 2253 274 2304 circa
287 2253 380 2306 Bactra
392 2262 418 2305 et
431 2252 586 2322 Scytharum
601 2254 726 2304 terminos
737 2261 820 2320 gesta.
1036 2303 1038 2308 ,

152 2327 195 2374 28.
215 2323 322 2374 Interim
336 2340 425 2390 regern
437 2323 549 2374 duarum
561 2322 687 2390 gentium,
698 2321 731 2372 de
742 2322 837 2390 quibus
848 2329 910 2373 ante
923 2321 1023 2374 dietum

113 2393 178 2460 est,⁵
189 2400 297 2444 centum
310 2391 390 2460 legati
403 2391 511 2444 adeunt.
540 2391 640 2444 Omnes
652 2407 726 2443 curru
740 2390 912 2460 vehebantur,
926 2391 1023 2444 eximia

114 2461 298 2529 magnitudine
318 2478 462 2530 corporum,
476 2461 570 2512 decoro
590 2459 696 2530 habitu,
714 2460 799 2514 lineae
818 2469 906 2513 vestes
925 2461 1023 2514 intexto

113 2547 181 2582 auro
193 2547 360 2599 purpuraque
373 2530 531 2583 distinctae.⁸
561 2531 592 2583 Ei
605 2548 633 2582 se
646 2531 744 2583 dedere
757 2531 834 2600 ipsos,
849 2531 927 2582 urbes
939 2548 1024 2597 agros·

112 2616 178 2669 que,
193 2599 349 2666 referebant,
364 2617 410 2669 per
429 2609 466 2651 tot
485 2608 587 2651 aetates
607 2601 760 2652 inviolatam
782 2599 933 2652 libertatem
956 2599 1025 2650 illius

114 2669 231 2740 primurn
252 2669 315 2722 fidei
335 2668 485 2738 dicionique
509 2669 697 2737 permissuros:
722 2668 786 2720 deos
811 2669 860 2719 sibi
885 2667 1025 2718 deditionis

885 2765 934 2770 m..
963 2765 1025 2772 m...-

144 2825 151 2847 ¹
163 2818 253 2866 ‘Some
264 2818 292 2866 of
304 2819 367 2867 their
377 2830 536 2878 countrymen
548 2818 649 2874 (thetis,
664 2817 786 2871 Greeks).'

142 2882 153 2907 ⁵
163 2879 188 2924 A
200 2879 280 2925 native
291 2878 319 2926 of
331 2879 371 2926 the
383 2877 505 2926 Arcadian
517 2889 583 2926 town
594 2877 621 2924 oi
633 2880 741 2937 Μακαρία.

142 2942 152 2966 ¹
166 2936 243 2984 ‘Like
255 2936 386 2993 madmen,’
402 2937 545 2996 ‘possessed
557 2935 673 2995 persons)
707 2933 753 2980 See
765 2943 821 2981 note
833 2933 863 2980 iv.
876 2935 912 2982 46.

143 3001 152 3024 ⁴
166 2996 253 3056 ‘They
260 3012 323 3043 were
333 2995 407 3044 afraid
417 2997 463 3044 lest
472 2997 530 3055 they
538 2995 625 3043 should
631 2997 661 3040 be
670 2992 800 3051 preveuted
809 2991 870 3040 from
879 2991 1026 3054 completing

113 3055 179 3102 their
189 3055 259 3102 work
270 3057 302 3115 by
314 3056 354 3103 the
366 3065 450 3114 outcry
459 3055 487 3102 of
494 3055 535 3102 the
547 3053 699 3104 tumultuous
710 3051 811 3099 soldiers
820 3051 836 3108 ;’
849 3051 902 3100 that
914 3051 943 3106 is,
959 3051 1026 3116 ‘that

113 3113 133 3162 it
145 3113 227 3162 would
239 3114 299 3162 have
311 3114 371 3162 such
383 3131 413 3161 an
424 3114 543 3161 influence
555 3128 618 3172 upon
630 3111 705 3166 them,
718 3125 745 3158 as
760 3120 786 3158 to
802 3110 864 3171 keep
881 3111 947 3158 thern
964 3111 1026 3158 buck

112 3174 178 3221 from
188 3173 303 3233 finishing
313 3173 354 3221 the
366 3173 509 3220 execution!

144 3230 281 3291 ‘Namely,
294 3233 334 3279 the
349 3231 491 3290 Oxydracae
503 3231 549 3278 and
561 3229 638 3277 Mulli.

142 3291 258 3338 “Their
274 3290 368 3338 clothes
379 3305 443 3336 were
460 3289 488 3336 of
500 3289 573 3344 linen,
586 3289 627 3336 the
643 3303 769 3336 sentences
784 3288 813 3338 os
827 3288 907 3337 which
924 3301 973 3336 was
988 3301 1025 3336 re·

112 3349 194 3398 lieved
211 3351 244 3408 by
259 3350 370 3397 inwoven
387 3348 443 3409 gold
460 3347 506 3396 and
521 3347 621 3406 purple!
654 3345 719 3395 Here
734 3363 770 3396 we
786 3348 874 3408 supply
885 3355 964 3395 mant.-
985 3346 1026 3394 the

112 3409 271 3457 omissiones
283 3423 296 3456 u
307 3419 360 3468 past
372 3420 440 3456 tense
453 3406 480 3454 of
492 3423 541 3454 ease
556 3407 577 3454 is
592 3417 633 3454 not
645 3407 727 3467 nearly
738 3421 765 3454 so
777 3421 887 3456 common
898 3421 925 3454 as
936 3405 988 3454 that
999 3406 1026 3453 ol

112 3477 157 3525 est,
169 3477 238 3523 sunt,
251 3467 298 3515 and
309 3485 358 3516 esse
365 3484 375 3523 ,·
388 3465 438 3515 still
450 3466 467 3512 it
478 3465 618 3513 sometimes
629 3481 714 3515 occurs
725 3465 750 3516 in
760 3465 927 3526 descriptione.
952 3463 1025 3514 Gom·
1061 3487 1071 3500 ·

111 3542 170 3588 pare
184 3527 284 3586 Zumpt,
298 3527 371 3578 tito.
