2322 3850
508 263 599 302 ursus
620 263 658 302 tv.
994 251 1030 303 53

335 313 346 335 0

125 371 176 428 bas
194 379 241 426 aut
261 371 426 492 illaspartes
443 372 535 440 secuti,
551 389 620 424 nuno
639 371 829 442 Spartanorum,
850 391 920 426 nunc
939 373 1031 426 Mace·

125 442 228 495 donum
241 441 326 511 praesi
348 441 379 492 iis
391 441 594 511 occupabantur.
631 440 682 494 Sed
694 441 792 494 leviora
805 443 872 494 inter
885 443 943 494 illos
955 441 1030 495 fuere

125 512 297 579 discrimina,¹
317 527 398 562 unum
417 521 559 578 certamen,
580 527 613 562 ex
632 527 683 579 quo
703 521 790 564 cetera
813 512 972 581 pendebant,
993 513 1030 566 in·

126 590 220 634 tuente
239 581 351 633 fortuna.

162 656 187 702 7.
206 651 266 704 Jam
285 658 337 702 tota
355 648 438 718 Syria,
457 646 511 716 jam
531 648 663 701 Phoenice
683 665 796 718 quoque,
817 661 930 719 excepta
950 652 1028 720 Tyro,

125 719 308 772 Macedonum
321 727 384 786 erat,
399 717 566 786 habebatque
579 735 624 770 rex
640 731 725 769 castra
738 719 926 784 incontinenti,
940 721 1030 789 aquo²

125 789 223 842 urbem
238 794 378 856 angustum
392 786 487 838 fretum
507 787 615 838 dirimit.
650 787 741 856 Tyros,
756 798 783 838 et
803 789 982 856 magnitudine
1003 799 1029 842 et

127 858 248 910 claritate
260 867 320 908 ante
333 873 426 908 omnes
438 855 518 907 urbes
530 855 620 924 Syriae
630 857 828 936 Phoenicesque
842 859 1027 928 memorabilis,

125 927 234 980 facilius
257 927 411 978 societatem
436 925 578 977 Alexandri
602 935 743 994 acceptura
767 927 925 992 uidebatur,³
948 945 1028 996 quam

126 996 279 1065 imperium.
316 996 442 1048 Coronam
463 995 538 1062 igitur
550 1012 657 1046 auream
670 995 766 1048 donum
781 995 861 1063 legati
872 995 1028 1065 afferebant,

125 1079 347 1134 commeatusque
369 1065 438 1130 large
460 1073 485 1114 et
507 1063 670 1132 hospitaliter
690 1081 723 1115 es
744 1065 839 1134 oppido
858 1065 1028 1118 advexerant.

126 1135 176 1195 Ille
188 1135 265 1202 dona,
279 1145 306 1186 ut
319 1133 356 1185 ab
365 1133 466 1202 amicis,
480 1133 563 1200 accipi
580 1133 662 1202 jussit,
676 1133 843 1203 benigneque
856 1133 956 1201 legatos
967 1134 1030 1186 allo·

127 1213 214 1272 cutus,
236 1204 351 1270 Herculi,
373 1219 452 1272 quem
476 1204 617 1271 praecipue
640 1203 712 1271 Tyrii
736 1203 859 1271 colerent,
883 1204 1029 1256 sacrificare

126 1273 198 1326 velle
211 1291 239 1325 se
253 1273 333 1324 dixit:
353 1271 531 1324 Macedonum
546 1289 620 1338 reges
640 1273 755 1341 credere,
769 1273 803 1324 ab
823 1273 867 1326 illo
889 1273 939 1324 deo
961 1274 1030 1342 ipsos

128 1359 215 1412 genus
228 1341 333 1408 ducere,
344 1359 373 1393 se
387 1357 446 1392 vero
462 1352 488 1392 ut
511 1341 536 1392 id
556 1341 655 1392 laceret
675 1343 757 1396 etiam
775 1343 880 1396 oraculo
892 1344 1029 1396 monitum.

127 1413 220 1484 Legati
241 1411 405 1480 respondent,
419 1428 477 1462 esse
497 1409 626 1478 templum
646 1409 765 1464 Herculis
784 1421 858 1465 extra
881 1412 981 1479 urbem,
1002 1412 1030 1472 in

127 1499 161 1534 ea
174 1482 246 1548 sede,
257 1497 337 1549 quam
351 1480 505 1548 Palaetyron
520 1480 567 1548 ipsi
581 1489 674 1532 vocent
684 1482 702 1532 :⁴
714 1481 748 1532 ibi
764 1499 851 1550 regem
864 1481 914 1534 deo
927 1497 1030 1534 sacrum

127 1551 176 1604 rite
188 1551 332 1602 facturum.
356 1550 413 1602 Non
428 1550 510 1601 tenuit
523 1549 595 1616 iram,
606 1549 795 1619 cujusalioqui⁶
804 1560 896 1620 potens
904 1567 954 1603 non
965 1558 1029 1602 erat.

126 1621 230 1688 ltaque,
242 1636 287 1671 vos
296 1619 410 1687 quidem,
422 1619 514 1686 inquit,
524 1618 620 1670 fiducia
633 1617 690 1687 loci,
701 1620 769 1688 quod
782 1621 896 1673 insulam
910 1620 1029 1688 incolitis,

126 1689 280 1759 pedestrem
299 1687 369 1740 hunc
387 1689 532 1740 exercitum
552 1687 688 1756 spernitis:
710 1689 756 1741 sed
770 1689 841 1742 brevi
855 1689 991 1742 ostendam
1004 1688 1030 1741 in

126 1757 273 1810 continenti
288 1774 333 1808 vos
345 1773 412 1808 esse.
449 1756 562 1808 Proinde
580 1757 669 1808 sciatis
680 1756 748 1825 licet,
761 1767 806 1810 aut
820 1759 974 1810 intraturum
986 1773 1031 1810 me

126 1829 230 1895 urbem,
244 1834 289 1878 aut
301 1835 520 1894 oppugnaturum.
557 1826 623 1878 Cum
641 1825 689 1878 hoc
708 1843 830 1895 responso
842 1827 965 1878 dimissos
978 1842 1032 1878 mo·

126 1915 189 1949 nere
202 1895 294 1948 amici⁶
307 1905 454 1964 coeperunt,
469 1904 497 1946 ut
510 1911 608 1962 regem,
622 1911 702 1962 quem
715 1893 796 1964 Syria,
809 1912 888 1964 quern
900 1896 1032 1948 Phoenice

126 1966 280 2034 recepisset,
295 1963 341 2034 ipsi
356 1981 459 2034 quoque
472 1963 565 2016 urbem
580 1964 673 2015 intrare
686 1973 842 2032 paterentur.
870 1967 904 2016 At
918 1963 961 2032 illi,
975 1963 1032 2016 loco

126 2035 193 2088 satis
205 2033 255 2101 fisi,
269 2033 432 2085 obsidionem
447 2033 513 2084 serre
526 2033 704 2084 decreverant.

161 2109 186 2156 8.
207 2105 332 2223 Namque
345 2103 437 2154 urbem
449 2119 465 2153 a
477 2101 619 2153 continenti
638 2111 748 2170 quatuor
766 2100 907 2154 stadiorum
928 2101 1033 2154 fretuml

125 2173 238 2225 dividit:
259 2176 280 2223 A
296 2172 358 2222 rico⁸
375 2172 493 2224 maxime
512 2169 653 2238 objectum,
667 2171 772 2226 crebros
788 2189 821 2224 ex
833 2171 886 2222 alto
898 2171 994 2223 fluctus
1006 2171 1032 2224 in

125 2242 189 2294 litus
201 2241 309 2293 evolvit.
345 2241 403 2293 Nec
422 2239 574 2308 accipiendo
592 2240 683 2307 operi,⁹
700 2257 752 2309 quo
771 2240 934 2293 Macedones
951 2241 1033 2293 conti-

127 2311 201 2364 nenti
220 2308 333 2362 insulam
352 2309 461 2378 jungere
480 2309 614 2378 parabant,
628 2310 770 2378 quicquam
789 2311 873 2378 magis
890 2327 969 2379 quam
990 2310 1035 2362 ille

126 2390 223 2432 ventus
242 2377 372 2430 obstabat.
409 2377 512 2448 Quippe
530 2379 574 2430 vix
592 2377 644 2430 leni
664 2389 690 2431 et
708 2380 847 2448 tranquillo
865 2382 930 2432 mari
952 2379 1036 2432 moles

125 2450 191 2518 agi¹⁰
202 2457 319 2518 possunt,
330 2446 436 2500 Africus
446 2464 506 2499 vero
519 2450 603 2516 prima
610 2464 730 2517 quaeque
740 2458 865 2516 congesta
876 2449 953 2518 pulsu
968 2448 1036 2501 illisa

159 2546 278 2617 ι,Βαῑιίεει
293 2545 425 2651 withhtheir
435 2546 531 2652 vdariqtm
546 2547 651 2604 results;
669 2545 704 2594 sor
714 2549 838 2596 discrimen
848 2548 869 2594 is
881 2559 922 2598 not
934 2563 948 2594 a
958 2546 1035 2594 battle

126 2604 794 2732 by²llliiilinbeistriitstiriidtimiidiiroaliddlideslldhmetimes
805 2663 927 2712 feminine.
954 2663 983 2710 In
994 2662 1035 2710 the

127 2724 218 2773 former
228 2739 284 2771 case
296 2738 332 2770 we
344 2722 430 2782 supply
440 2740 506 2783 ager,
519 2739 544 2770 rn
554 2723 594 2770 the
607 2723 678 2770 latter
688 2733 759 2772 terra.

128 2789 167 2890 th'
177 2791 183 2810 ‘
193 2781 416 2889 §egmeddisposed
422 2777 502 2830 rather
510 2793 534 2829 to
541 2793 623 2841 accept
632 2782 660 2830 os
667 2799 697 2830 en
705 2783 806 2831 alliance
815 2780 875 2828 with
885 2779 1033 2837 Alexander,

158 2857 218 2948 illu
228 2857 272 2948 thee
282 2899 414 2953 continent,
423 2915 437 2946 a
447 2898 494 2946 few
507 2900 577 2948 miles
587 2900 658 2948 south
670 2899 732 2947 from
745 2900 785 2946 the
796 2899 846 2956 city
854 2911 886 2944 on
896 2896 937 2944 the
949 2895 1034 2946 island.

160 2967 168 3031 f
180 2959 224 3031 ‘lp
234 2959 517 3067 otherzcircqmqtpppes!
542 2959 593 3006 'For
604 2959 645 3006 the
656 2957 788 3006 difference'
795 2959 905 3004 between
916 2959 977 3004 clius
989 2957 1036 3006 and

127 3019 167 3108 ‘a‘
193 3031 486 3145 “debeliiceisllllirr’obably‚
499 3076 526 3144 οξ
533 3077 574 3124 the
586 3077 628 3123 kin
646 3076 668 3122 ’s
679 3074 742 3123 stall.

159 3141 167 3164 ¹
180 3137 219 3183 ‘A
231 3145 300 3184 strart
311 3132 338 3182 os
349 3133 402 3182 sour
412 3135 496 3182 stadra’
509 3142 541 3190 (ιη
554 3135 635 3182 breedt
654 3138 669 3186 t.

158 3195 235 3242 'The
251 3193 397 3242 south-west
409 3191 488 3250 wind;
507 3194 549 3241 Gr.
562 3197 617 3254 Aul.
649 3192 704 3240 The
719 3192 791 3242 south
807 3195 872 3244 wind
888 3195 909 3244 is
924 3195 1032 3252 Austerr

129 3253 173 3302 Gr.
186 3262 268 3306 Νότοςι
286 3253 327 3300 the
338 3251 474 3300 south-east
486 3253 550 3299 wind
565 3248 714 3308 Vulturnum
734 3252 776 3300 Gr.
789 3256 912 3318 Εὐρύνοτος.

157 3317 167 3342 ⁹
177 3311 227 3360 For
237 3311 279 3359 the
290 3311 357 3359 struit
368 3313 469 3372 occipere
476 3325 532 3372 opus
545 3311 564 3358 is
575 3310 664 3369 simply
675 3321 699 3360 to
715 3312 808 3360 receive
824 3312 865 3359 the
880 3310 944 3359 mole
960 3310 985 3358 in
1000 3311 1031 3360 its

127 3373 225 3427 bosom,
236 3380 262 3418 to
272 3370 358 3430 permit
369 3369 410 3418 tha
419 3369 487 3416 worlr
498 3379 522 3416 to
533 3371 562 3416 be
573 3369 664 3418 carried
675 3385 713 3418 on.

158 3435 176 3460 ¹⁰
186 3429 266 3512 Moles
277 3438 392 3492 aguntur,
408 3427 463 3476 ‘the
476 3443 569 3476 messes
580 3426 616 3483 (of
624 3437 692 3478 stone
708 3445 735 3478 or
744 3429 821 3484 earth)
832 3443 871 3476 are
882 3426 976 3487 pushed
986 3426 1033 3475 for·

127 3489 204 3540 ward.
