2278 3846
144 199 199 254 1⁰⁰
403 211 442 252 na
466 210 572 250 cssrrs
595 209 778 250 inensam.

142 320 322 378 Macedonum
340 317 474 388 paucitate
491 326 633 386 conspecta
658 327 759 370 turmas
777 318 806 370 in
822 316 914 370 obvius
932 317 1046 370 concite·

142 400 244 444 verunt.
279 391 350 440 Ante
373 387 448 454 signe
471 403 516 439 rex
540 387 601 454 ibnt,
625 357 789 440 dissimulato
813 385 899 454 magis
922 385 1044 455 periculo,

144 475 221 528 quern
235 467 330 526 spreto.
365 457 424 509 Nec
440 455 525 508 deluit
537 456 562 508 ei
574 465 701 524 perpetua
720 457 745 508 in
762 454 850 508 dubiis
867 454 947 508 rebus
964 454 1045 508 felici·

145 537 197 580 tas:
217 541 331 594 namque
343 523 507 594 praefectum
520 525 653 592 equitatus
669 524 777 577 avidum
794 524 957 593 certaminis,
970 534 997 577 et
1015 524 1046 578 ob

145 597 169 648 id
192 597 277 664 ipsum
297 595 429 647 incautius
449 594 474 646 in
495 611 524 645 se
545 604 673 660 ruentem,
692 593 768 646 hasta
789 593 925 662 transfixit,
943 610 995 662 quc
1016 610 1046 646 err

145 681 210 734 equo
228 663 310 733 lapso,
327 663 484 732 pmaimum,
497 679 529 714 ac
548 663 611 714 dein
629 663 718 730 plures
737 661 832 715 ecdem
852 662 904 714 telo
924 661 1045 716 confodit.

145 735 265 787 lrrvasere
278 732 395 786 turbatos
406 731 487 784 amici
499 748 617 800 quoque:
637 749 686 784 nec
703 732 800 785 Persae
815 731 891 784 inulti
909 731 1045 799 cadebant,

145 805 241 872 quippe
253 819 303 854 non
323 801 460 854 universae
478 801 558 868 ecies,
572 817 653 871 quarn
671 799 722 854 liae
740 800 926 854 tumultuariae
946 818 1046 869 manus,

145 871 329 926 vehementius
340 871 423 923 iniere
434 877 578 922 certarnen.
614 869 734 922 Tandem
744 869 855 937 barbari,
866 886 929 922 cum
939 869 1047 923 obscura

144 942 204 994 luce
217 941 295 994 tutior
307 939 369 1009 luga
386 938 520 991 videretur
537 955 597 991 esse
615 955 696 1007 quam
714 955 809 1007 pugna,
822 938 951 1007 dispersis
968 939 1048 1008 agmi-

144 1011 223 1063 nibus
239 1010 337 1062 abierc.
373 1008 437 1087 Rex,
457 1007 659 1060 extraordinario
676 1007 793 1077 periculo
810 1005 963 1077 defunctus,
983 1009 1048 1062 inec

144 1079 231 1132 lumss
242 1095 304 1131 sucs
316 1077 418 1130 reduxit
430 1095 455 1130 rn
467 1085 561 1128 castra.
920 1101 922 1106 ·

179 1154 221 1202 63.
238 1147 364 1201 Cecidere
383 1145 529 1214 Persarum,
548 1161 659 1214 quorum
680 1162 822 1199 numerum
840 1145 956 1198 victores
976 1147 1049 1200 finire

144 1225 290 1287 potuerunt,
303 1214 376 1269 milia
392 1215 445 1283 XL,
463 1215 643 1268 Macedonum
661 1214 748 1268 minus
766 1231 846 1283 quam
865 1215 930 1268 CCC
947 1214 1050 1270 deside·

145 1287 194 1339 rati
217 1293 285 1338 sunt.
328 1285 452 1337 Ceterum
475 1283 544 1336 banc
566 1283 703 1336 victoriam
727 1300 773 1335 rex
795 1283 895 1352 majore
919 1301 955 1337 ex
978 1295 1051 1354 parte

145 1355 242 1422 virtuti,
262 1370 342 1422 quam
360 1351 480 1405 furtunae
501 1370 565 1405 sune
584 1351 691 1406 debuit:
715 1353 812 1422 animo,
833 1369 893 1420 non,
913 1361 945 1406 ut
963 1364 1050 1424 antea,

146 1423 202 1476 loco
213 1423 284 1475 vicit.
319 1423 390 1474 uam
401 1431 428 1475 et
444 1422 533 1474 aciem
550 1422 708 1492 peritissime
727 1421 853 1491 instruxit,
866 1429 893 1474 et
911 1425 1051 1492 promptis·
1126 1435 1128 1452 ¹

145 1493 212 1544 sime
236 1492 291 1560 ipse
309 1491 442 1560 pugnavit,
460 1499 487 1543 et
504 1508 600 1559 magno
618 1489 724 1544 consilio
741 1489 869 1560 jacturam
888 1491 1052 1546 sarcinarum

146 1559 447 1630 impedimentorumque
465 1560 630 1630 contempsit,
650 1559 756 1613 cumin
776 1560 833 1628 ipsa
850 1559 909 1613 acie
929 1577 1052 1614 summae
1127 1615 1128 1618 ,

146 1629 184 1682 rei
203 1629 303 1682 videret
327 1645 387 1680 esse
410 1627 552 1682 discrimen
571 1628 650 1682 dubio
669 1645 703 1681 ue
724 1627 812 1681 adhuc
830 1645 934 1698 pugnae
954 1638 1052 1684 eventu

145 1715 190 1777 pro
213 1699 311 1751 victore
334 1714 364 1750 ss
386 1699 476 1767 gessit,
496 1698 630 1768 perculsos
652 1646 749 1750 deinde
773 1697 887 1750 hostiurn
911 1697 990 1770 fudit,
1014 1699 1052 1752 su·

145 1777 256 1835 grentes,
280 1765 351 1836 quod
374 1768 401 1820 in
424 1766 469 1821 illo
492 1766 584 1820 ardore
607 1767 690 1819 animi
712 1767 757 1820 vix
779 1767 853 1819 credi
875 1775 972 1837 potest,
994 1785 1052 1838 pru·
1096 1789 1098 1792 ·
1126 1755 1128 1816 J

146 1835 251 1890 dentius
261 1851 342 1906 quern
354 1837 458 1890 avidius
469 1845 624 1910 persecutus
635 1845 683 1888 est.
703 1899 704 1902 Ἴ
719 1837 789 1890 Nam
801 1835 824 1888 si
836 1844 910 1905 parte
919 1839 1054 1891 exercitus

145 1905 234 1959 adbuc
254 1907 278 1959 in
300 1907 359 1960 acie
379 1915 473 1976 stante,
494 1907 590 1958 instare
610 1904 767 1958 cedentibus
785 1915 989 1976 perseverasset,
1007 1917 1053 1962 aut

147 1975 225 2044 culpa
244 1993 291 2028 sua
312 1975 398 2030 victus
415 1983 494 2044 esset,
510 1983 555 2028 aut
573 1975 659 2026 aliena
680 1973 775 2026 virtute
795 1973 912 2026 vicisset.
949 1976 1011 2030 Jarn
1032 1977 1052 2028 si

147 2045 345 2098 multitudinem
362 2046 481 2114 equiturn
499 2043 691 2096 occurrentium
710 2043 882 2112 extimuisset,
895 2043 991 2098 victori
1009 2056 1053 2098 eut
1127 2105 1128 2114 ,

147 2112 225 2165 foede
253 2114 418 2182 fugiendum,
442 2121 488 2166 aut
514 2111 698 2165 miserabiliter
720 2111 870 2164 cadendum
893 2112 965 2166 suit.¹
1011 2116 1052 2168 Ne
1127 2117 1128 2172 l

147 2183 229 2234 duces
249 2181 359 2250 quidem
379 2183 512 2250 copiarum
532 2199 580 2234 sua
600 2180 678 2233 laude
698 2179 1052 2254 srarrrlandisun15quippe
1127 2187 1128 2226 ἶ

147 2249 262 2317 vulnera,
275 2267 344 2318 quae
356 2251 467 2320 quisque
480 2253 591 2320 excepit,
600 2250 695 2302 indicia
708 2249 808 2302 virtutis
817 2259 885 2302 sunt.
917 2251 1052 2322 Hephaes·
1126 2255 1128 2314 ἶ

148 2318 224 2369 tionis
243 2318 379 2371 brachium
399 2319 475 2372 hasta
498 2319 579 2372 ictum
603 2328 659 2372 est:
684 2317 816 2385 Perdicca,
837 2325 864 2370 et
883 2320 1006 2388 Coenos,²
1027 2331 1052 2374 et

146 2386 278 2454 Menidas,
292 2387 394 2454 sagittis
412 2404 491 2456 prope
510 2387 598 2440 occisi.
635 2388 677 2456 Et,
691 2387 713 2440 si
730 2388 947 2442 vereaestimars
960 2391 1051 2444 Mace·
1127 2389 1128 2442 J

146 2455 236 2522 donas,
250 2455 294 2523 qui
310 2467 372 2508 tunc
389 2465 470 2524 erant,
489 2457 619 2524 volumus,
638 2456 786 2523 fatebimur,
800 2464 827 2508 et
845 2473 936 2525 regem
954 2459 1052 2513 talibus
1127 2465 1128 2472 ’

146 2524 277 2590 ministris,
291 2535 318 2576 et
330 2524 388 2577 illos
399 2533 472 2578 tanto
485 2543 546 2593 rege
559 2525 641 2578 luisse
654 2525 832 2592 dignissimos.

175 2623 181 2646 ¹
194 2618 239 2665 See
251 2619 329 2666 Grom.
340 2619 353 2669 i
364 2622 414 2666 346.
437 2617 484 2666 We
494 2635 545 2679 sey.
558 2619 611 2666 ‘He
620 2618 700 2667 would
709 2617 770 2664 have
780 2619 841 2665 been
849 2619 946 2679 obliged
957 2631 983 2669 to
993 2622 1049 2670 full)

173 2682 183 2706 ²
193 2678 247 2726 The
258 2677 368 2737 ordinary
378 2677 452 2726 forms
468 2693 516 2733 ere,
529 2677 654 2727 Perdiccas
665 2675 712 2724 end
725 2675 824 2725 Coenus.
855 2677 969 2728 Perdicca
979 2681 1000 2729 is
1010 2681 1051 2730 the

146 2735 269 2786 Latiniaed
279 2737 339 2786 lorm
350 2746 401 2793 (see
412 2737 509 2796 Zumpt,
523 2737 594 2794 otor,
607 2735 654 2810 end
667 2735 754 2784 Coenos
766 2735 807 2782 the
817 2737 920 2798 original
932 2739 1022 2788 Greek.
