2322 3850
529 256 621 298 arasa
641 259 683 300 nr.
1018 245 1059 302 w

150 365 284 418 utrumne¹
301 366 369 418 ultra
386 365 605 436 progrediendum
620 369 692 437 leret,
705 385 737 421 an
751 369 787 422 ibi
799 367 952 439 opperiendi
965 378 1058 424 essem

151 435 212 487 novi
234 434 341 504 milites,
360 453 426 504 quos
443 452 476 488 ex
497 435 656 488 Macedonia
675 433 817 490 adventare
835 439 981 506 constabat,
995 439 1056 492 Par·

151 505 239 556 menio
263 522 314 557 non
338 504 419 558 aliurn
445 504 532 557 locum
559 505 659 575 proelio
684 507 811 575 aptiorem
834 525 894 560 esse
918 509 1054 561 censebat.

84 619 86 628 .
149 573 254 643 Quippe
268 573 320 626 illic
332 575 464 642 utriusque
478 575 546 642 regis
558 576 647 644 copias
660 591 768 628 numero
780 575 881 630 suturas
893 593 980 648 pares,
992 595 1055 632 cum

149 643 288 711 angustiae
307 642 501 695 multitudinem
521 659 570 695 non
589 653 713 714 caperent
723 661 730 712 5
748 645 884 713 planitiem
898 633 971 726 ipsis*
982 663 1055 700 cam·

149 729 251 782 pesque
265 729 324 764 esse
336 711 464 779 vitandos,
477 711 523 765 ubi
540 713 680 780 circumiri,
695 713 739 766 ubi
752 715 859 784 ancipiti
869 730 930 767 aere
941 715 1054 786 opprimi

149 789 266 849 possent.
285 781 398 848 Timere,
413 799 445 833 ne
458 782 520 833 non⁸
531 783 626 834 virtute
640 782 763 850 hostium,
777 785 824 834 sed
838 784 991 836 lassitudine
1004 801 1053 838 sua

150 849 324 902 vincerentur.
361 850 454 902 Persas
474 864 594 902 recentes
611 850 723 904 subinde
743 869 918 921 successuros,
932 855 954 906 si
968 855 1054 907 laxius

148 929 219 970 stare
233 919 384 988 potuissent.
403 919 492 972 Facile
506 921 568 972 ratio
581 930 633 972 tam
648 921 758 973 salubris
767 922 867 973 consilii
879 933 990 992 accepta
1002 933 1052 976 est.

147 988 242 1058 ltaque
255 990 321 1040 inter
333 989 467 1056 angustias
478 989 560 1041 saltus
573 990 673 1042 hostem
687 990 799 1058 opperiri
812 991 912 1042 statuit.

187 1062 226 1110 18.
246 1059 308 1111 Erat
321 1057 345 1109 in
359 1059 476 1110 exercitu
490 1060 557 1126 regis
568 1057 674 1111 Sisenes
683 1060 791 1112 Perses:
811 1059 944 1129 quondam
953 1077 970 1124 a
979 1078 1052 1130 prae·

148 1138 203 1178 tore
216 1127 332 1196 Aegypti
351 1127 447 1182 missus
464 1126 498 1179 ad
519 1127 675 1197 Philippum,
692 1127 820 1197 donisque
832 1139 859 1180 et
871 1129 942 1182 omni
955 1129 1052 1184 honore

146 1196 242 1265 cultus,
264 1197 371 1248 exilium
393 1197 476 1265 patria
496 1197 560 1247 sede
584 1205 730 1249 mutaverat
741 1201 759 1249 :⁴
782 1200 881 1250 secutis
903 1199 1001 1251 deinde
1025 1200 1051 1254 in

147 1266 238 1318 Asiam
260 1265 447 1332 Alexandrum,
473 1266 539 1316 inter
566 1266 658 1318 fideles
681 1268 766 1319 socios
789 1266 945 1320 habebatur.
982 1270 1051 1323 Huic

146 1335 285 1404 epistolam
309 1335 441 1388 Cretensis
460 1335 538 1386 miles
561 1335 722 1403 obsignatam
741 1337 827 1404 anulo,
846 1337 922 1406 cujus
946 1338 1050 1406 signum

146 1403 216 1456 hand
238 1423 302 1456 sane
319 1416 408 1457 notum
428 1414 491 1472 etat,
511 1405 625 1456 tradidit.
661 1407 832 1458 Nabarzanes
851 1419 954 1475 praetor
973 1409 1050 1462 Darei

145 1475 254 1527 miserat
278 1491 347 1542 eam,
372 1473 576 1542 hortabaturque
605 1475 733 1544 Sisenem,
760 1485 788 1527 ut
818 1476 926 1543 dignum
950 1477 1049 1547 aliquid

145 1543 281 1595 nobilitate
294 1554 373 1611 atque
386 1544 502 1595 moribus
515 1546 569 1595 suis
581 1544 679 1611 ederet,
693 1561 788 1613 magno
801 1545 825 1597 id
840 1545 865 1597 ei
876 1546 945 1614 apud
960 1563 1050 1614 regem

145 1613 234 1664 honori
254 1615 317 1664 lore.
354 1613 408 1664 llas
425 1611 524 1665 litteras
542 1613 654 1682 Sisenes,
669 1624 757 1683 utpote
776 1615 908 1667 innoxius⁵
919 1615 953 1668 ad
970 1617 1051 1669 Alex·

144 1681 254 1734 andrum
274 1699 354 1751 saepe
372 1681 474 1734 deferre
493 1685 630 1750 temptavit
640 1699 647 1750 5
667 1683 712 1735 sed
732 1699 795 1736 cum
811 1693 847 1738 tut
860 1685 1051 1754 curisappara·

144 1761 226 1820 tuque
250 1751 312 1804 belli
338 1769 425 1819 regem
450 1750 549 1802 rideret
575 1753 668 1820 urgeri,
687 1754 774 1822 aptius
798 1753 921 1806 subinde⁸
944 1763 1051 1824 tempus

143 1831 296 1888 expectans,
311 1821 486 1891 suspicionem
502 1822 558 1872 initi
572 1822 677 1874 scelesti
690 1823 790 1874 consilii
804 1824 931 1892 praebuit.
967 1824 1050 1877 Nam·

143 1907 196 1958 que
215 1889 334 1959 epistola,
354 1891 504 1960 priusquam
525 1891 549 1941 ei
569 1890 728 1959 redderetur,
750 1892 774 1943 in
793 1908 888 1944 manus
906 1892 1051 1946 Alexandri

143 1969 308 2028 pervenerat,
334 1959 484 2028 lectamque
509 1977 577 2026 eam,
603 1960 681 2026 ignoti
706 1960 777 2012 anuli
802 1960 888 2028 sigillo
912 1962 1048 2042 impresso,

142 2029 228 2094 Siseni
251 2030 307 2082 dari
329 2028 447 2097 jusserat,
466 2029 500 2080 ad
524 2029 719 2081 aestimandam
743 2029 825 2082 fidem
848 2029 961 2084 barbari
996 2030 1048 2090 Qui

141 2100 205 2167 quia
223 2115 271 2168 per
288 2099 437 2168 complures
453 2099 512 2150 diss
524 2115 574 2150 non
586 2099 687 2151 adierat
701 2115 799 2166 regem,
813 2098 925 2151 scelesto
940 2100 1049 2154 oonsilio

141 2185 202 2220 eam
217 2168 290 2222 risus
302 2177 342 2220 est
354 2168 539 2237 suppressisse,
552 2180 578 2220 et
598 2169 622 2220 in
640 2169 748 2236 agmine
760 2185 776 2220 a
788 2168 964 2238 Cretensibus,
978 2168 1048 2222 haud

140 2236 224 2290 ‹lubie
236 2237 310 2306 jussu
323 2239 400 2305 regis,
414 2237 526 2288 occisos.

179 2311 216 2358 19.
235 2307 349 2375 Jamque
367 2307 460 2360 Graeci
479 2305 586 2374 milites,
600 2323 665 2375 quos
682 2307 838 2376 Thymodes
849 2325 866 2358 a
879 2307 1049 2362 Phamabazu

139 2385 289 2446 acceperat,
303 2377 443 2445 praecipua
462 2393 523 2446 spes
540 2385 565 2427 et
584 2378 772 2444 propemodum
788 2377 872 2446 unica,
885 2377 920 2430 ad
933 2379 1048 2430 Dareum

139 2454 324 2514 pervenerant.
368 2445 400 2497 Hi
430 2461 590 2514 magnopere
620 2446 775 2515 suadebam,
799 2455 828 2499 ut
857 2457 925 2498 retro
953 2445 1047 2515 abiret,

139 2515 321 2584 spatiososque
334 2515 544 2582 Mesopotamiae
556 2531 664 2583 campos
677 2525 820 2583 repeteret:
834 2516 855 2568 si
868 2516 895 2568 id
907 2514 1047 2568 consilium

170 2616 177 2637 ¹
189 2609 335 2669 Eqnivalent
351 2619 377 2656 to
392 2619 472 2656 utram
484 2610 583 2656 without
597 2627 633 2657 ne.
665 2610 712 2657 See
726 2611 805 2657 Grom.
818 2609 832 2661 <t
843 2614 894 2666 197,
910 2615 945 2665 10,
958 2621 1013 2656 note
1026 2611 1047 2656 l.

141 2669 281 2728 According
291 2679 316 2715 to
327 2668 367 2715 the
379 2668 478 2728 original
489 2669 652 2716 constmetion
664 2669 692 2716 ol
699 2669 747 2716 this
759 2669 853 2728 phrase,
867 2670 884 2716 it
897 2668 973 2727 might
985 2668 1047 2715 have

138 2729 897 2789 been,utrnmprogrediendumneesretultro,orrnooirbimilitea
948 2728 1045 2782 merri,

139 2786 221 2834 which
232 2796 297 2834 must
309 2788 339 2833 be
350 2785 475 2845 explained
489 2788 521 2845 by
532 2786 652 2834 reference
670 2799 694 2834 ιο
709 2803 723 2834 a
739 2787 808 2834 fnller
824 2786 884 2832 form
900 2801 914 2831 ο
939 2784 980 2831 tlte
991 2800 1045 2832 sen·

139 2857 224 2894 tenea:
242 2854 323 2892 utram
329 2847 429 2906 jaceret,
442 2849 537 2892 ultrane
544 2849 731 2907 progrederetur,
744 2859 776 2891 ora
787 2846 819 2891 rbi
828 2846 980 2905 opperiretur.

138 2909 179 3012 P'
190 2903 244 2973 ⁴l3y
253 2903 401 2952 themselves
410 2904 426 2960 ;’
439 2904 491 2950 that
503 2905 531 2958 is,
543 2904 583 2950 the
595 2904 777 2957 Macedonians,
788 2902 812 2949 in
822 2902 958 2961 opposition
969 2912 995 2951 to
1005 2901 1046 2951 the

162 2979 263 3010 ersrsns.

168 3015 353 3070 'Nenoadoes
369 3031 410 3068 not
426 3021 483 3069 here
500 3021 569 3070 stand
586 3021 621 3069 lor
635 3029 680 3076 ur,-
699 3020 741 3066 but
752 3035 800 3066 aon
810 3017 912 3080 belongs
923 3030 948 3068 to
959 3023 1048 3070 virtute

137 3083 239 3130 hostiam
250 3081 275 3128 in
286 3080 420 3139 opposition
430 3091 454 3126 to
464 3082 607 3128 loredrrdr'ne
614 3096 666 3126 suo.
687 3084 693 3104 ‘
702 3077 740 3124 He
749 3076 827 3126 seared
838 3077 884 3126 lest
893 3078 951 3138 they
960 3079 1048 3128 should

137 3142 168 3188 bs
180 3139 326 3245 copquered,
339 3149 380 3186 not
391 3138 507 3199 certainly
516 3139 548 3198 by
557 3139 598 3184 the
607 3137 692 3186 valour
701 3135 729 3184 of
737 3136 777 3186 the
786 3151 882 3198 enemy,
893 3139 937 3186 hut
946 3140 978 3197 by
985 3137 1048 3186 their

136 3213 193 3246 own
214 3209 247 3246 atr
282 3213 304 3246 e.

166 3257 234 3305 ‘For
245 3213 409 3304 §instruction
420 3254 447 3303 of
458 3265 557 3310 merore,
570 3268 611 3302 see
625 3253 705 3302 Gran.
717 3254 791 3310 lm,
803 3264 868 3302 note.

167 3315 272 3364 ¹Cicero
282 3329 339 3363 uses
351 3317 462 3362 innocens
477 3313 543 3382 only.
558 3313 657 3360 Curtius
673 3314 782 3373 employs
799 3314 858 3361 both
874 3316 984 3362 ianam
999 3312 1047 3360 aod

135 3377 252 3424 iamiar
263 3374 322 3422 with
334 3374 375 3421 tho
386 3387 452 3421 same
464 3371 632 3434 signification.
663 3371 788 3428 innoxius,
801 3372 923 3428 however,
936 3371 980 3419 has
994 3370 1047 3420 also

135 3431 528 3542 ‘transsaltuum'
