2294 3842
364 229 366 236 ·
460 225 551 266 umen
571 225 635 266 vrrr.
942 208 1001 264 245

86 328 196 401 lectica,
210 331 359 400 margaritis
371 333 655 404 circumpendentibus,
669 334 791 386 recubat:
805 333 929 386 distincta
941 343 1002 386 suot

87 417 151 454 auro
171 411 199 453 et
218 419 333 470 purpura
345 404 460 472 carbasa,
475 420 544 473 quae
558 404 664 455 indutus
676 412 732 454 est:
752 402 872 456 lecticam
886 419 1001 471 sequun-

88 481 130 523 tur
148 471 248 523 armati
266 475 431 542 corporisque
449 473 579 538 custodes,
597 473 664 523 inter
678 488 745 540 quos
760 475 838 526 ramis
855 489 920 524 aves
939 489 1001 539 pen·

89 539 161 607 dent,
178 557 248 610 quas
264 549 343 593 cantu
362 541 437 594 seriis
456 543 534 594 rebus
551 543 713 610 obstrepere¹
731 541 884 594 docuerunt.
919 541 1001 610 Regia

90 618 197 661 auratas
218 608 355 663 columnas
379 611 475 664 habet:
500 620 568 663 totas
588 627 635 662 eas
655 610 716 664 vitis
734 627 797 661 auro
817 611 920 663 caelata
943 628 1000 680 per·

91 679 190 746 currit,¹
208 680 360 748 aviumque,
378 697 488 750 quarum
508 681 565 732 visu
583 681 700 733 maxime
717 679 840 751 gaudent,
858 691 1000 747 argenteae

91 748 196 816 effigies
219 764 300 816 opera
323 749 506 818 distinguunt.⁸
545 751 627 818 Regia
650 749 809 802 adeuntibus
832 756 912 818 patet,
938 765 1001 804 cum

91 817 219 886 capillum
240 817 320 884 pectit
332 828 411 887 atque
423 827 512 871 ornat:
532 827 594 870 tunc
607 835 731 888 responsa
743 818 924 886 legationibus,
937 825 1001 871 tunc

89 885 147 956 jura
165 887 336 956 popularibus
354 887 446 940 reddit.
483 887 603 956 Demptis
621 889 707 954 soleis,
725 887 849 939 odoribus
867 886 1001 940 illinuntur

90 953 183 1036 perles.
220 955 340 1008 Venatus
355 959 488 1010 maximus
505 957 577 1009 labor
595 967 634 1008 est
653 956 754 1009 inclusa
767 957 864 1008 vivario
877 955 1001 1008 animalia

91 1035 159 1076 mter
173 1033 234 1076 vota
247 1034 393 1094 cantusque
412 1026 538 1095 pellicum
557 1026 646 1093 figere.
684 1027 788 1078 Binum⁴
799 1026 947 1079 cubitorum
961 1041 1001 1077 sa·

90 1095 172 1162 gittae
187 1106 255 1160 sunt,
269 1112 337 1163 quas
348 1097 469 1147 emittunt
481 1095 579 1164 majore
592 1095 648 1147 nisu
662 1112 741 1164 quam
755 1095 860 1149 effectu.
896 1095 1001 1164 Quippe

91 1162 184 1230 telum,
199 1162 276 1233 cujus
293 1164 321 1216 in
339 1164 447 1216 levitate
460 1165 501 1216 vis
516 1166 602 1216 omnis
620 1175 667 1233 est,
687 1165 793 1219 inhabili
813 1165 927 1234 pondere
940 1180 1001 1216 one·

92 1243 170 1284 ratur.
209 1232 332 1297 Breviora
351 1233 442 1286 itinera
461 1251 528 1302 equo
547 1234 666 1298 conficit;
684 1233 782 1301 longior
800 1235 845 1287 ubi
864 1232 1000 1302 expeditio

90 1311 139 1370 est,
154 1301 292 1370 elephanti
305 1303 407 1360 vehunt,
420 1319 533 1372 currum,
547 1313 574 1354 et
588 1312 718 1355 tantarum
736 1303 876 1355 beluarum
894 1317 1002 1371 corpora

91 1379 145 1422 tota
168 1380 312 1438 contegunt
335 1389 407 1436 auro.
443 1375 483 1424 Ao
507 1389 540 1424 ne
564 1371 627 1441 quid
650 1373 760 1441 perditis
783 1373 900 1425 moribus
922 1371 999 1442 desit,

90 1439 194 1492 lecticis
213 1441 301 1492 aureis
319 1441 443 1509 pellicum
465 1441 557 1508 longus
575 1441 637 1492 ordo
657 1443 791 1510 sequitur:
816 1450 965 1512 separatum
985 1457 1002 1492 a

91 1509 201 1578 reginae
225 1509 314 1561 ordine
338 1527 433 1576 agmen
455 1520 502 1579 est,
523 1519 672 1580 aequatque
697 1511 837 1564 luxuriam.
874 1511 1001 1564 Feminae

90 1579 186 1650 epulas
205 1591 305 1646 pararit.
342 1579 384 1632 ttb
397 1579 491 1632 iisdem
505 1580 595 1632 vinum
609 1580 776 1648 ministratur,
790 1579 867 1651 eujus
878 1579 1002 1634 omuibus

90 1647 166 1700 Indis
187 1645 276 1715 largus
296 1657 336 1700 est
355 1665 425 1701 usus,
461 1650 562 1718 Regem
583 1665 655 1700 mero
675 1665 818 1720 somnoque
840 1651 952 1720 sopitum
975 1649 1002 1701 in

89 1716 248 1769 cubiculum
272 1717 382 1788 pellices
403 1718 526 1788 referunt,
547 1717 629 1788 patrio
649 1719 766 1771 carmine
790 1720 905 1772 noctium
930 1719 1002 1770 invo-

89 1785 270 1838 cantesdeos.

126 1859 168 1906 33.
187 1855 253 1912 Quis
273 1856 363 1908 credat
384 1856 452 1909 inter
471 1855 538 1908 haee
557 1855 620 1907 vitia
639 1873 729 1908 curam
755 1872 814 1908 esse
838 1855 1001 1924 sapientiael

88 1923 182 1978 Unum
196 1933 301 1992 agreste
313 1933 340 1976 et
352 1925 486 1978 horridum
503 1942 588 1993 genus
600 1932 648 1993 est,
663 1924 742 1993 quod⁵
753 1926 887 2004 sapientes
898 1931 1001 1976 vocant.

90 1998 114 2046 A
136 1991 172 2045 ud
192 1993 241 2044 hos
258 2009 387 2063 occupare
406 1995 453 2046 lati
472 1995 543 2048 diem
561 1993 710 2063 pulchrum,
724 2004 750 2046 et
763 2010 836 2045 vivos
850 2010 879 2045 se
891 1991 1003 2045 cremari

90 2011 193 2132 juhent‚
207 2063 305 2130 quibus
316 2074 360 2115 aut
373 2064 461 2131 segnis
475 2073 550 2116 aetas
568 2073 613 2116 aut
632 2063 798 2115 incommoda
810 2062 932 2114 valetudo
945 2070 1001 2114 est:

89 2139 265 2201 expectatam
283 2143 395 2185 mortem
414 2149 459 2202 pro
476 2132 606 2185 dedecore
625 2132 696 2185 vitae
715 2132 821 2188 hahent.
837 2161 841 2168 -
857 2131 915 2184 Nec
935 2129 1004 2184 ullus

90 2200 254 2270 corporibus,
276 2217 344 2270 quae
363 2211 485 2254 senectus
506 2201 589 2269 solvit,
610 2201 693 2254 honos
715 2200 847 2254 redditur:
872 2200 1002 2270 inquinari

90 2279 186 2340 putant
201 2271 298 2338 ignem,
313 2271 361 2323 nisi
381 2271 425 2340 qui
444 2271 573 2373 spirantes
586 2272 686 2339 recipit.
722 2270 830 2340 111i‚qui
848 2271 875 2323 in
895 2270 1004 2324 urbibus
1063 2328 1067 2338 Ι

90 2339 208 2412 publicis
219 2339 338 2392 moribus
347 2340 454 2409 degunt,
475 2340 589 2392 siderum
604 2349 691 2392 motus
703 2341 768 2393 scite
781 2351 900 2410 spectare
912 2339 1003 2392 dicun·

91 2417 133 2460 tur
147 2417 175 2460 et
187 2407 277 2460 lutura
289 2409 448 2478 praedicere.
473 2409 531 2461 Nee
543 2425 704 2478 quemquem
718 2409 860 2464 admovere
873 2409 918 2463 leti
931 2410 1004 2463 diem

90 2477 214 2544 eredunt,
228 2477 271 2530 cui
285 2487 426 2547 expectare
440 2478 556 2531 interrito
568 2478 656 2531 liceat.
691 2479 762 2532 Deos
773 2489 865 2549 putant
877 2477 1005 2560 quioquid

89 2546 181 2600 oolere
199 2549 362 2617 coepemnt,⁷
378 2548 485 2600 arbores
502 2547 627 2617 maxime,
640 2564 708 2618 ques
720 2549 817 2602 violare
832 2548 940 2619 ospitat·
953 2555 1003 2600 est.

89 2656 105 2674 ⁰
122 2675 130 2698 ¹
144 2668 200 2716 ‘To
216 2669 441 2738 interruptserious
457 2671 581 2728 metrers;’
595 2672 628 2730 by
638 2671 687 2718 this
701 2670 732 2718 he
746 2671 878 2718 insinuatos
893 2670 932 2717 lris
947 2683 1003 2718 cou-

91 2726 408 2867 ”Phlpinssilleilurllhetile
425 2787 508 2847 length
523 2803 580 2838 runs
591 2790 670 2835 avine
681 2785 767 2836 carved
778 2785 846 2842 (with
857 2785 898 2833 the
909 2787 1005 2840 melum)

90 2845 195 2972 tagii:
226 2919 265 2972 res
276 2903 304 2952 ol
315 2903 380 2952 birds
395 2904 419 2952 iu
433 2904 507 2953 silver
517 2905 624 2964 improre
635 2904 704 2952 tlrese
716 2902 804 2950 worlrs'
817 2901 902 2962 hythe
913 2901 1006 2964 variety

92 2963 177 3012 which
189 2973 199 3010 t
217 2979 249 3022 ey
259 2962 391 3011 introduce.

122 3022 202 3069 ⁴The
213 3021 320 3082 genitive
330 3021 358 3069 of
370 3021 523 3072 distributive
539 3020 698 3071 numeralsis
713 3021 738 3067 in
753 3019 794 3068 the
810 3020 943 3070 masculine
959 3021 1007 3072 end

90 3081 460 3188 ”thttffinttltlbtt
469 3083 613 3189 iiiiii:
626 3080 692 3190 rit}
703 3079 783 3187 pn...
795 3079 809 3132 ⁹
819 3084 869 3138 ¹⁰⁶’
883 3090 939 3130 ΜΘ
952 3085 972 3129 ¹·

121 3203 131 3229 ⁸
145 3197 219 3246 ‘The
228 3197 298 3245 other
306 3155 369 3246 eloah
377 3156 405 3247 hl
410 3200 451 3268 the
457 3197 575 3248 so·oalled
583 3198 641 3246 wisa
650 3173 714 3253 meh,
724 3197 779 3247 who
787 3197 834 3248 live
843 3199 868 3248 in
876 3199 917 3247 the
925 3197 1005 3257 eities,

91 3257 142 3306 aad
152 3256 259 3304 conduct
270 3256 418 3307 themselves
429 3274 453 3305 rn
464 3257 505 3306 the
515 3271 582 3305 same
594 3271 648 3317 way
658 3273 686 3304 as
695 3257 765 3306 other
773 3259 846 3308 men!
872 3258 955 3307 These
966 3272 1007 3308 nse

91 3313 277 3384 distinguished
292 3314 353 3363 from
368 3316 409 3364 the
424 3319 543 3364 horridum
555 3331 632 3378 gerrae
648 3316 786 3366 mentioned
799 3317 890 3374 before,
902 3317 959 3366 who
968 3331 1005 3367 re·

91 3373 348 3500 ''lichllillss
366 3410 530 3484 {eunom
540 3433 859 3486 saturiacum·

123 3497 133 3524 ⁸
145 3491 195 3541 See
206 3501 274 3550 note,
285 3506 335 3541 vui.
348 3496 383 3540 1⁵.
