2278 3846
524 179 665 278 areae-v.
994 215 1051 272 rar

130 337 274 396 bominem
293 341 420 396 mercede
438 342 599 400 conductum
618 343 708 398 omnia
730 341 831 398 babere
849 341 969 396 remiis:
993 339 1053 392 eine

132 408 252 480 pignore,
273 411 332 466 sine
353 411 427 480 lare,¹
447 422 574 468 terrarum
594 412 668 466 orbis
688 413 805 482 exulem,
825 412 971 482 ancipitem
991 409 1053 462 bos·

132 481 212 548 tem,²
223 479 259 534 ad
272 489 367 536 nutum
380 481 517 536 licentium
536 481 720 538 circumferri.⁸
754 483 878 551 Purganti
896 480 996 536 deinde
1013 493 1051 546 se,

132 547 256 618 deosque
274 551 372 619 patrios
389 561 471 604 testes
488 552 552 606 fidei
570 569 635 608 suae
653 551 786 606 invocanti
798 553 900 607 Dareus
918 551 993 604 vultu
1010 565 1052 600 as·

133 618 307 688 sentiebatur,
332 618 403 674 hund
422 621 521 676 dubius
540 623 604 692 quin
625 639 688 676 vera
706 621 872 676 deferrentur
890 637 907 673 a
926 619 1051 686 Graecis,

133 687 182 740 sed
205 705 237 742 eo
258 707 347 744 rerum
369 699 480 746 ventum
500 701 563 760 erat,
586 700 690 746 uttam
709 692 889 772 periculosum
908 699 979 744 esset
999 703 1052 742 non

133 757 246 811 credere
269 761 333 828 suis,
353 777 435 830 quarn
458 760 557 831 decipi⁴
592 761 665 816 XXX
681 761 758 816 milia
776 769 858 830 erant,
880 776 993 829 quorum
1014 759 1051 812 iu-

132 825 233 880 elinata
251 828 277 880 in
299 829 388 882 scelus
406 830 503 884 levitas
523 831 680 886 timebatur:
705 831 742 886 lv
761 831 837 886 milia
856 831 951 884 Patron
969 828 1052 882 babe-

133 895 198 965 bat;
221 898 318 966 quibus
341 901 363 952 si
383 900 542 954 credidisset
560 901 675 954 salutern
695 917 779 970 suam,
800 900 926 954 damnata
944 898 1052 969 popula·

127 965 206 1020 »rium
230 966 292 1037 fide,
312 967 452 1038 parricidio
475 971 675 1024 exeusationem
693 970 803 1025 ridebat
821 969 920 1022 offerri.
956 969 1050 1036 ltaque

153 1037 309 1106 raeoptabat
321 1038 461 1110 immerite,
475 1057 555 1110 quarn
574 1039 633 1110 jure
646 1039 744 1094 violari.
782 1040 863 1094 Besso
881 1049 971 1094 tamen
989 1037 1051 1090 insi-

164 1123 241 1162 arum
265 1108 407 1162 consilium
429 1112 561 1179 purganti⁴
583 1111 725 1180 respondit,
751 1107 897 1164 Alexandri
920 1107 972 1161 sibi
999 1123 1052 1161 nou

132 1175 225 1230 minus
235 1176 373 1247 justitiam,
387 1196 468 1304 Ἥκω
483 1181 616 1248 virtutem,
629 1197 689 1234 esse
701 1189 880 1250 perspectam.
916 1177 985 1232 Falli
997 1193 1056 1258 eoo,

133 1245 180 1316 qui
202 1247 357 1325 proditionis
378 1266 395 1303 a
436 1267 468 1302 eo
492 1249 639 1320 praemium
663 1260 819 1319 expectent:
850 1246 965 1304 violatae
988 1245 1052 1300 fider

132 1325 272 1370 nemmem
284 1319 412 1372 aeriorem
431 1319 485 1372 lore
498 1318 642 1374 vindicem⁶
659 1320 833 1389 ultoremque.
868 1320 983 1388 Jamque
1001 1334 1052 1370 nox

132 1387 287 1455 appetebat,
301 1404 363 1440 curn
382 1389 478 1449 Persae
496 1407 569 1444 more
587 1389 670 1456 solito,
689 1391 771 1446 armis
788 1389 887 1460 positis,
906 1389 941 1444 ad
960 1405 1052 1440 neces·

132 1455 206 1508 saria
224 1472 258 1510 ex
276 1457 394 1526 proximo
412 1459 470 1512 vico
487 1458 597 1515 ferenda
615 1459 772 1514 discurrunt.
805 1462 845 1520 m
862 1459 1004 1528 Bactriani,
1022 1467 1052 1510 ut

132 1528 296 1594 imperatum
308 1543 325 1580 a
337 1527 417 1582 Besso
430 1537 493 1598 erat,
506 1533 602 1584 armati
615 1530 728 1584 stabant.
1122 1533 1123 1536 ’

167 1599 212 1666 ‚33-
231 1596 302 1649 Inter
321 1597 389 1650 haee
406 1599 508 1654 Dareus
525 1600 688 1654 Artabazum
706 1599 786 1654 acciri
800 1599 893 1670 jubet:
912 1597 1052 1669 expositis·

131 1681 196 1734 que,
216 1682 286 1736 quae
306 1665 400 1720 Patron
425 1665 563 1736 detulerat,
582 1669 654 1724 baud
672 1669 794 1724 dubitare
811 1670 968 1737 Artabazus,
987 1667 1052 1738 quin

132 1734 327 1790 transeundum
339 1746 411 1790 esset
423 1738 450 1792 in
462 1748 548 1796 cestra
559 1739 728 1794 Graecorum.
755 1739 974 1810 Persasquoque,
985 1738 1052 1808 peri·

131 1803 195 1857 culo
209 1803 323 1874 vulgato,
337 1816 480 1861 secuturos.
517 1809 671 1866 Destinatus
683 1808 744 1861 sorti
757 1826 829 1878 suae,
842 1821 869 1862 et
886 1810 941 1878 jain
955 1809 1053 1864 nullius

132 1873 251 1929 salubris
269 1876 370 1928 consilii
389 1877 512 1947 patiens,⁸
530 1879 636 1936 unicam
655 1879 682 1931 in
701 1878 747 1932 illa
764 1877 867 1932 fortuna
884 1895 964 1948 opem
976 1881 1052 1931 Arta·

131 1943 243 2012 bazum,
269 1945 404 2002 ultimum'
428 1948 505 2004 illum
528 1949 639 2017 visurus,
664 1947 850 2069 amplectitur,
876 1948 1053 2017 perfususque

132 2016 237 2068 mutuis
249 2015 374 2086 lacrimis,
388 2017 571 2073 inhaerentem
584 2018 636 2072 sibi
648 2017 707 2070 arel
719 2018 727 2068 i
738 2017 828 2086 jubet:
848 2018 936 2087 oepite
953 2016 1052 2070 deinde

131 2085 232 2153 relato,
254 2103 287 2137 ne
308 2087 377 2140 inter
394 2089 511 2156 gemitus
530 2087 725 2156 digredientem
747 2086 856 2140 reluta
875 2087 946 2158 rogo⁸
968 2087 1053 2140 intue-

132 2163 216 2223 retur,
230 2155 256 2208 in
269 2154 381 2210 humum
394 2173 506 2226 pronum
518 2175 612 2226 corpus
624 2155 732 2225 abjecit.
769 2157 839 2210 Turn
853 2173 915 2216 vero
933 2155 1054 2210 custodia

132 2224 195 2294 ejus
206 2227 327 2292 assueti,⁹
337 2243 404 2295 quos
415 2228 488 2296 regis
504 2228 617 2282 salutern
631 2227 673 2280 vel
686 2226 802 2296 periculo
815 2228 886 2280 ritae
899 2227 966 2280 tueri
978 2242 1051 2296 opor·

132 2293 240 2365 tebat,¹⁰
251 2295 348 2364 dilapsi
367 2305 435 2366 sunt,
453 2298 569 2368 armatis,
583 2313 650 2366 quos
665 2296 720 2366 ianr
738 2296 882 2352 aduentare
900 2296 1051 2366 credebant,

132 2409 229 2460 finitive
241 2410 261 2459 is
273 2424 339 2459 more
351 2385 497 2461 commoniti
508 2413 548 2461 lon
576 2412 702 2472 speeches,
715 2412 774 2464 than
784 2413 809 2462 in
819 2385 879 2462 such
891 2412 958 2461 short
974 2411 1051 2472 speci·

132 2485 206 2519 mene
218 2465 246 2517 of
258 2469 297 2518 the
309 2475 384 2520 oratio
395 2475 487 2533 obliqua
498 2487 525 2520 as
536 2429 577 2520 tfie
589 2482 694 2532 present.

131 2529 303 2638 halom?
319 2536 477 2590 ‘permanent
492 2531 615 2581 residenes
624 2532 640 2590 ;’
658 2535 704 2589 lor,
717 2532 759 2581 the
772 2531 933 2594 ‘houm-god·
946 2531 1007 2581 used
1016 2529 1053 2580 for

164 2651 193 2676 Ἠ
774 2652 781 2674 9

165 2709 174 2736 ⁸
187 2649 245 2776 ‘ffb
255 2649 435 2758 Adffumgbgbttb‘t
446 2665 492 2760 ῗὲἓ
503 2650 781 2774 bbdvglltbsetbldbtgeeb’
795 2713 869 2767 liceri,
883 2719 908 2759 to
921 2707 965 2759 bid
981 2719 1005 2756 at
1021 2723 1052 2756 an

134 2776 303 2886 ¹¹uftllllbtuay
314 2843 359 2887 say
364 2845 436 2891 pergo
446 2846 481 2877 me
490 2831 519 2878 cle
527 2831 607 2890 aliquo
617 2832 721 2885 crimina,
735 2845 761 2878 or
771 2829 874 2896 alicujus
887 2827 1007 2882 criminin
1025 2839 1053 2874 or

129 2899 212 2958 purgo
222 2889 309 2936 odmen
325 2905 408 2945 meum,
424 2887 452 2936 ‘I
464 2889 540 2938 resuta
552 2905 566 2938 a
576 2889 663 2950 charge
674 2889 744 2937 made
755 2896 849 2948 against
860 2899 900 2933 me
909 2885 926 2943 ς’
939 2899 966 2932 or
975 2901 1052 2946 purgo

133 2955 295 2996 annocentrom
306 2964 385 2994 meum.

150 3011 174 3111 f*
190 3003 284 3112 llqurbm'
294 3009 402 3068 ultorque
409 3024 420 3064 ,·
440 3011 608 3068 ‘asupporter
617 3006 646 3055 ol
657 3022 671 3055 a
685 3003 749 3066 good
760 3019 842 3059 cause,
855 3002 902 3052 and
912 3007 927 3052 a
936 3002 1052 3064 punisber

132 3077 149 3112 ο
165 3079 236 3174 'vll'or
246 3080 385 3189 pyartioiples
395 3126 528 3191 governing
539 3125 580 3174 the
591 3123 706 3186 genitive,
716 3137 758 3172 aee
771 3121 851 3172 Groui.
863 3121 892 3176 ll
902 3126 956 3181 277,
970 3126 991 3182 l,
1004 3122 1052 3174 end

132 3183 338 3306 w3ffdb‘dverb,
353 3243 598 3294 ‘forthelasttime’
631 3241 678 3290 See
692 3241 929 3300 mantuanus
942 3246 961 3291 1.
1052 3281 1054 3286 .

165 3307 174 3331 ι
188 3302 232 3350 ιΙῃ
244 3303 315 3372 order
325 3315 366 3385 pot
377 3315 403 3354 to
414 3304 471 3355 look
482 3318 546 3410 ιἪοη
557 3303 616 3386 him,
629 3301 685 3370 etho
695 3317 747 3351 was
757 3303 830 3366 going
841 3319 910 3386 away
921 3319 948 3351 as
958 3301 980 3350 it
989 3301 1051 3353 from

134 3361 323 3423 afunerelprle.
366 3364 413 3412 We
425 3362 496 3412 sboul
523 3376 575 3421 say,
605 3359 664 3410 asts
675 3360 847 3413 fromatomb.
996 3405 1002 3412 .

165 3427 174 3450 ⁸
187 3421 249 3471 ‘Hie
261 3423 331 3472 usual
341 3419 524 3484 body-guerris)
556 3419 606 3471 For
615 3419 656 3470 the
668 3421 868 3476 constructiones
878 3437 995 3480 assumto,
1007 3437 1050 3474 see

129 3483 478 3604 Qaefflb’utglbttetb'bave
488 3539 626 3599 defended:
640 3539 688 3590 doc.
720 3541 768 3590 See
781 3541 861 3590 Grata
873 3537 950 3590 9328.
