2294 3842
485 183 577 224 uraca
597 186 639 226 tx.
955 173 1014 230 tut

99 299 240 371 spectmae
252 291 358 344 virtutis
370 291 513 360 elegerant,
527 292 572 360 qui
591 294 641 346 sub
659 293 793 348 radicibus
810 293 908 348 montis
925 303 1013 347 castra

19 407 21 428 ,
99 371 195 430 posuit,
206 361 316 429 lateque
327 361 409 428 ignes,
417 370 445 413 ut
453 361 571 429 speciem
582 362 756 416 multitudinis
765 373 880 430 augeret,
891 363 1014 431 ostendit,

100 429 217 484 clamore
231 447 338 498 qnoque
350 447 383 482 ac
396 431 435 482 sui
449 430 637 484 morisululatu
646 431 792 486 identidem
802 432 1012 501 acquiescentes,

17 501 19 556 ἶ
98 499 267 552 Macedonas
279 499 375 552 fmstra
388 509 485 551 terrere
495 513 611 552 conatus.
648 501 706 556 Jam
721 500 766 554 lux
778 503 939 571 appetebat,¹
952 519 1014 556 cum

100 586 147 621 rex
158 568 275 621 fiduciae
295 586 328 620 ac
348 568 406 636 spei
426 569 521 638 plenus
539 569 640 622 alacres
660 569 760 622 milites
779 587 853 622 arma
871 588 974 640 capere,
989 581 1015 624 et

100 637 172 690 exire
186 639 211 689 in
225 640 315 690 aciem
327 637 411 708 jubet.
447 637 507 705 Sed,
521 637 591 690 haud
613 639 723 691 traditur
742 651 859 706 metune,
873 657 907 691 an
926 641 1016 694 oborta

100 706 233 759 seditione
249 709 315 759 inter
330 709 406 776 ipsos,
420 706 507 759 subito
521 709 690 776 prolugerunt
710 708 814 761 barbari
823 725 830 775 3
848 719 920 760 certe
941 712 1016 762 avios

99 783 207 828 montes
219 785 247 828 et
262 777 403 846 impeditos
415 789 626 845 occupaverunt:
639 794 750 846 quorum
759 795 856 847 agmen
866 795 912 830 rex
921 777 1015 831 frustra

99 854 267 916 persecutus,
283 845 475 913 impedimenta
488 846 568 914 cepit.

136 919 177 968 18.
200 915 362 968 Perventum
383 914 481 968 deinde
501 926 539 967 est
560 913 594 968 ad
615 915 743 984 oppidum
761 912 969 985 Oxydracarum‚
989 917 1014 970 in

98 983 169 1056 quod
194 983 315 1053 plerique
337 984 517 1052 confugerant,
538 983 608 1038 haud
630 985 729 1053 majore
750 985 847 1038 fiducia
871 985 1014 1054 moenium,

98 1071 183 1124 quam
204 1054 362 1107 armorum.²
395 1055 455 1107 Jarn
475 1054 647 1107 admovebat³
665 1071 718 1122 rex,
732 1071 795 1107 cum
815 1063 888 1107 vates
907 1071 1015 1106 monere

100 1139 165 1176 eum
179 1126 278 1192 coepit,
292 1141 326 1176 ne
345 1124 530 1190 committeret,
543 1132 589 1175 aut
609 1133 681 1176 certe
700 1123 817 1178 differret
835 1122 1014 1177 obsidionem:

98 1191 172 1246 vitae
187 1192 248 1262 ejus
261 1193 408 1261 periculum
428 1193 539 1248 ostendi.
577 1193 634 1246 Rex
654 1191 866 1263 Demophontem
888 1192 924 1262 (is
942 1209 1015 1246 nam·

98 1263 163 1332 que⁴
176 1271 255 1314 vates
267 1262 336 1332 erat)
348 1262 463 1331 intuens,
476 1262 501 1314 Si
514 1262 581 1330 quis,
594 1262 685 1331 inquit,
699 1271 725 1316 te
742 1263 791 1314 arti
811 1272 871 1314 tuae
885 1263 1014 1316 intentum

95 1341 125 1384 et
145 1341 212 1384 exta
231 1340 397 1400 spectantem
423 1332 462 1384 sic
487 1329 636 1400 interpellet
661 1350 713 1385 non
732 1331 873 1399 dubitem,⁵
890 1332 952 1400 quin
977 1332 1015 1386 in·

98 1400 262 1454 commodus
279 1415 312 1452 ac
330 1400 457 1454 molestus
475 1399 559 1452 videri
577 1401 626 1455 tibi
644 1402 733 1472 possit.
770 1402 803 1454 Et
829 1418 890 1454 cum
915 1400 960 1452 ille
979 1402 1016 1454 ita

98 1487 208 1542 prorsus
227 1470 344 1522 futurum
373 1469 556 1540 respondisset,
579 1471 720 1540 censesne,
740 1471 833 1540 inquit,
854 1480 940 1524 tantas
965 1487 1014 1539 res,

98 1557 150 1593 non
172 1539 308 1609 pecndum
329 1539 408 1594 fibras
425 1547 487 1591 ante
505 1539 596 1592 oculos
613 1540 729 1608 habenti,
747 1541 830 1595 ullum
850 1557 909 1592 csse
928 1537 1017 1609 majus

98 1609 337 1679 impedimentum,
362 1625 443 1678 quam
467 1616 555 1662 vatem
580 1611 765 1678 superstitione
789 1609 918 1680 captum?
955 1610 1015 1663 Nec

97 1679 205 1732 diutius
217 1696 297 1748 quam
313 1678 445 1747 respondit
458 1689 581 1746 moratus,
594 1678 731 1732 admoveri
742 1679 817 1749 jubet
830 1679 923 1748 scalas,
937 1695 1015 1732 cune-

98 1749 274 1817 tantibusque
287 1749 383 1800 ceteris
396 1747 485 1800 evadit
498 1749 523 1800 in
543 1765 658 1800 murum.
695 1751 814 1816 Angusta
835 1749 902 1801 muri
921 1765 1016 1802 corona

98 1829 174 1872 erat:
195 1835 246 1871 non
257 1817 355 1939 pinnae
368 1818 436 1871 sicut
455 1817 518 1870 alibi
539 1817 674 1885 fastigium
695 1816 755 1888 ejus
773 1817 953 1886 distinxerant,
967 1818 1015 1870 sed

267 1890 336 1939 orica
359 1879 473 1941 obducta
496 1888 638 1940 transitum
663 1887 819 1955 saepserat.⁶
852 1887 945 1956 ltaque
969 1903 1016 1940 rex

137 1897 233 1940 retua

97 1905 232 2010 Ridebat
244 1957 337 2024 magis,
350 1974 432 2026 quam
445 1956 531 2008 stabat
551 1957 577 2009 in
597 1957 724 2024 margine,
738 1955 825 2025 clipeo
843 1955 961 2024 undique
979 1955 1016 2007 in·

98 2027 221 2080 cidentia
235 2028 287 2078 tela
300 2027 455 2096 propulsans
461 2043 468 2094 ;
481 2044 542 2078 narn
552 2025 651 2094 ubique
660 2025 765 2078 eminus
774 2043 808 2078 ex
818 2023 931 2078 turribus
944 2034 1016 2092 pete·

98 2095 190 2149 batur.
227 2096 285 2148 Nec
303 2095 392 2148 subire
411 2096 510 2148 milites
521 2104 649 2164 poterant,
662 2095 726 2164 quia
739 2111 852 2164 superne
865 2094 889 2144 vi
905 2094 1016 2147 telorum

98 2165 290 2218 obruebantur.
327 2165 448 2219 Tandem
469 2164 682 2232 magnitudinem
704 2163 814 2233 periculi
835 2163 919 2234 pudor
937 2163 1014 2215 vicit:

119 2235 202 2303 uippe
215 2233 367 2303 cernebant,
381 2233 548 2287 cunctatione
561 2251 610 2285 sua
621 2233 684 2286 dedi
697 2233 815 2287 hostibus
829 2250 927 2300 regem.
963 2232 1016 2286 Sed

98 2251 254 2356 <iestirrando
277 2304 444 2356 morabantur
468 2303 575 2355 auxilia,
611 2304 681 2356 Nam
702 2303 767 2356 dum
787 2319 833 2372 pro
854 2303 1016 2372 aequisque

99 2382 189 2428 certat
202 2371 325 2442 evadere,
339 2389 482 2426 oneravere
496 2371 582 2424 scalas
589 2388 597 2441 5
615 2373 675 2442 quis
692 2389 744 2426 non
762 2372 956 2427 sufficientibus
970 2373 1016 2426 de·

133 2529 176 2577 ιΙῑ
192 2529 213 2577 is
229 2545 243 2609 p
259 2528 330 2578 Latin
347 2529 421 2578 idiom
436 2539 462 2577 to
478 2544 522 2588 say
532 2539 631 2592 tempus,
644 2533 703 2589 dies,
715 2549 770 2589 noc,
788 2534 830 2580 las
845 2535 943 2595 appetu,
959 2537 1014 2592 ‘cp-

46 2699 48 2702 .
100 2589 283 2728 prpa‘cppisffiom
299 2647 388 2708 having
403 2656 499 2707 greater
508 2646 648 2696 confidence
659 2649 684 2696 in
694 2648 736 2696 the
747 2647 817 2696 walls
835 2647 894 2695 than
913 2649 938 2695 in
952 2647 1016 2696 their

101 2723 288 2816 nnanisisercitnm
298 2765 371 2846 being
382 2764 493 2819 omitted,
506 2768 627 2832 admouere
636 2765 706 2812 takes
717 2764 759 2811 the
770 2763 921 2812 intransitive
933 2779 1014 2814 meau-

102 2827 146 2887 ing
157 2825 185 2872 cf
195 2832 201 2850 ⁵
210 2835 235 2873 to
245 2825 359 2873 advance.
400 2823 499 2871 Monere
508 2839 528 2871 rs
539 2824 599 2872 used
610 2823 635 2870 in
645 2824 687 2870 the
698 2835 765 2870 seme
778 2837 842 2880 way,
855 2837 877 2869 v.
890 2827 926 2871 35.

132 2892 141 2913 ⁴
154 2885 217 2932 This
233 2883 385 2971 conjuncticn
402 2883 422 2930 is
437 2883 569 2950 hpCicero
580 2882 624 2929 and
641 2882 683 2928 the
695 2880 780 2986 eprlier
791 2880 863 2987 [pippin
874 2881 968 2930 writers
978 2883 1012 2932 sl·

102 2941 799 3060 weypsplpcpldefipppBsbpilgppgrsipsmmplppjgrp‘ppppptbgtplepp
804 2975 846 3047 the
853 3003 957 3062 protasis
968 3000 1015 3050 and

101 3065 226 3168 agappa
235 3061 485 3168 sdhgdadithda‘dall
496 3119 556 3173 (that
568 3118 598 3186 is,
612 3116 653 3166 the
669 3115 862 3186 standing-roem
878 3135 909 3167 cn
925 3118 952 3172 in
962 3133 1015 3188 vves

102 3193 214 3236 narrem
227 3178 263 3226 for
273 3190 382 3284 separate
398 3176 555 3244 battlements
566 3175 606 3224 drd
617 3185 667 3248 not,
680 3191 707 3224 as
719 3191 743 3224 tn
753 3178 823 3227 other
833 3193 911 3246 cases,
923 3193 965 3237 pre
976 3187 1015 3247 eet

102 3239 165 3288 from
177 3239 218 3286 the
230 3249 270 3296 top
279 3254 293 3284 o
314 3248 331 3284 rt
341 3245 378 3291 <so
389 3253 415 3284 es
425 3247 451 3284 to
461 3245 587 3303 interrupt‚
595 3238 750 3298 distringam,
761 3237 802 3288 the
811 3239 939 3288 otherwise
950 3253 966 3296 p
976 3253 1015 3288 am

102 3300 151 3347 and
163 3297 278 3346 unveried
289 3296 400 3350 suriam),
413 3297 456 3342 but
468 3310 483 3342 a
493 3305 637 3342 continuous
647 3296 799 3346 breastwork
808 3297 905 3347 erected
916 3297 939 3347 in
951 3297 1015 3345 frent

103 3354 152 3406 had
168 3357 264 3404 throvvn
276 3371 289 3403 a
300 3353 464 3403 considerable
474 3353 581 3402 obstacle
597 3353 622 3401 in
637 3353 679 3402 the
690 3369 745 3416 way
755 3356 783 3406 ol
797 3373 845 3419 any
854 3372 900 3406 one
911 3357 967 3406 who
977 3367 1013 3406 at.

103 3415 214 3477 tempted
226 3425 251 3464 to
262 3414 335 3463 climb
345 3427 404 3463 over
415 3412 450 3461 it.’
497 3449 500 3457 .
