2274 3844
446 287 536 326 tisun
557 287 596 325 vr.
924 265 979 322 169

55 392 248 446 Macedonum
268 393 379 447 allecto!
418 395 525 463 Ecquis¹
547 411 562 447 e
582 394 657 447 vobis
672 404 809 514 corruptus
824 402 864 444 est
883 390 978 445 donisl

55 479 146 532 quem
159 462 267 532 ducem,
281 479 360 532 quem
359 464 537 584 ,praelectum
552 464 708 532 impensiusl
716 480 747 516 co

758 463 805 515 nil
841 462 910 515 Mihi
941 463 979 516 ui·

56 533 126 584 dem
152 531 281 600 objicitur,
306 549 358 602 quo
404 533 560 585 societatem
583 533 659 602 patrii
687 533 817 585 sermonis
845 480 969 601 asperller

55 601 134 670 quod
153 601 333 654 Macedonum
352 619 440 654 mores
458 602 599 654 fastidiam.
636 603 678 654 Sic
697 617 758 669 crgo
777 602 894 670 imperio,
907 572 977 670 quod

56 670 202 739 dedignor,
225 669 366 723 immineo!
404 673 463 724 Jam
485 672 589 740 pridem
608 671 715 723 nativus
736 670 780 722 ille
802 687 888 722 sermo
907 688 978 724 com·

58 741 165 791 mercio
194 739 305 793 aliarum
333 742 453 807 gentium
481 741 610 792 exolevit:
642 749 697 792 tarn
721 739 870 806 victoribus,
896 757 978 808 quam

59 809 151 876 victiS,
174 809 313 878 peregrina
333 809 422 877 lingua
442 810 569 862 discenda
589 817 639 861 est.
675 811 733 862 Non
756 807 908 860 mehercule
929 810 979 862 ista

59 895 107 929 me
134 880 222 946 magis
246 879 360 948 laedunt,
381 895 459 947 quam
485 879 553 947 qnod
577 883 716 948 Amyntas,
736 878 879 930 Perdiccae
900 878 977 948 filius,
1035 934 1038 939 ,

60 947 207 999 insidiatus
225 958 264 1000 est
283 948 335 1016 regi
344 965 352 1016 3
370 965 432 1000 curu
451 965 502 1016 quo
520 949 588 1016 quod
607 949 725 1000 amicitia
742 946 822 999 fuerit
840 943 913 1013 mihi,
928 965 978 1002 non

62 1033 159 1068 recuso
190 1017 343 1086 defendere,
368 1018 389 1069 si
418 1017 536 1070 fratrem³
560 1018 630 1085 regis
656 1034 707 1070 non
732 1016 842 1085 oportuit
866 1016 939 1084 diligi
963 1034 978 1068 a

61 1085 152 1137 nobis.
190 1085 233 1138 Sin
253 1087 380 1139 antemio
394 1087 439 1138 illo
452 1086 570 1139 fortunae
583 1085 666 1155 gradu
677 1086 791 1155 positum
805 1085 887 1137 etiam
901 1103 977 1138 vens·

63 1156 114 1206 rari
135 1171 250 1208 necesse
267 1164 338 1207 erat:
366 1165 461 1224 utrum,
481 1173 588 1224 quaeso,
607 1155 676 1224 qnod
701 1172 752 1208 non
772 1154 898 1221 divinavi,
919 1172 978 1208 reus

63 1241 135 1292 snm,
150 1241 184 1276 arr
198 1224 340 1294 impiorum
352 1225 445 1277 amicis
457 1225 603 1278 insontibus
617 1241 721 1294 quoqne
733 1224 900 1277 moriendum
918 1225 978 1278 estl

64 1293 144 1352 Quod
157 1295 179 1346 si
192 1311 309 1362 aequum
323 1303 370 1360 est,
384 1311 430 1346 cur
449 1294 548 1348 tamdiu
563 1294 643 1347 vivot
662 1295 684 1346 si
703 1294 837 1363 injustum,
851 1311 897 1346 cnr
909 1311 978 1348 nunc

65 1363 179 1415 demum
194 1364 330 1416 occidorl⁴
364 1365 399 1416 At
418 1364 490 1416 cuim
508 1364 607 1432 scripsi,
621 1363 740 1416 misereri
753 1380 797 1416 me
808 1380 907 1432 eorum,
921 1365 978 1432 qni-

67 1432 117 1484 bns
137 1433 282 1486 vivendum
305 1443 376 1486 esset
400 1432 449 1485 sub
472 1449 511 1504 eo,
531 1432 577 1502 qui
601 1449 630 1485 se
653 1432 727 1488 ,lovis
747 1433 830 1486 lilium
849 1433 977 1486 crederet.

67 1501 150 1553 Fides
162 1502 304 1571 amicitiae,
318 1502 373 1554 veri
393 1502 496 1555 consilii
514 1501 660 1571 periculosa
671 1501 787 1572 libertas,
801 1518 849 1554 vos
868 1519 912 1555 me
933 1502 979 1556 de-

68 1570 195 1640 cepistis!
224 1588 277 1641 vos,
304 1569 383 1640 quae'
399 1571 556 1640 sentiebam,
581 1587 615 1624 ne
642 1571 789 1640 reticerem,
814 1570 976 1641 impulistis!

68 1639 211 1708 Scripsisse
224 1658 267 1693 ms
279 1640 346 1693 haec
359 1639 442 1692 fateor
455 1642 515 1709 regi,
529 1657 579 1692 non
600 1639 635 1692 de
656 1657 717 1708 rege
737 1641 881 1710 scripsisse.
918 1643 977 1698 Non

69 1710 142 1762 enim
155 1709 288 1763 faciebam
301 1710 437 1778 invidiam,
451 1709 498 1762 sed
511 1726 557 1778 pro
569 1725 600 1761 eo
613 1710 751 1762 timebam.
787 1711 897 1780 Dignior
913 1712 980 1766 mihi

69 1779 224 1832 Alexander
242 1778 389 1848 videbatur,
409 1779 454 1848 qni
474 1779 546 1832 Jovis
566 1778 687 1847 stirpem⁶
704 1779 799 1832 tacitus
816 1789 978 1851 agnosceret,

69 1865 150 1916 quarn
164 1849 210 1917 qui
222 1848 415 1917 praedicatione
432 1847 552 1917 jactaret.
588 1847 640 1900 Sed
658 1848 784 1918 quoniam
796 1849 895 1902 oraculi
913 1850 981 1902 fides

70 1927 142 1970 certa
155 1927 204 1986 est,
218 1918 252 1970 sit
263 1917 330 1971 deus
342 1935 439 1970 causae
460 1934 537 1970 meae
557 1917 641 1969 testis.
677 1917 800 1970 Retinete
820 1935 865 1970 me
886 1919 911 1970 in
925 1919 980 1972 vio·

70 1987 143 2054 culis,
157 1987 223 2040 dum
236 1987 379 2040 consulitur
391 1987 522 2039 Hammon
535 2002 660 2038 arcannm
677 1997 704 2038 et
722 1986 856 2038 oecultum
874 1986 982 2039 scelus.⁶

72 2057 189 2125 loterim,
209 2057 254 2125 qui
278 2073 368 2124 regern
392 2065 507 2108 nostrum
531 2055 654 2122 dignatus
672 2065 712 2108 est
730 2055 824 2124 filium,
844 2056 981 2110 neminem

72 2141 170 2193 eornm,
184 2127 229 2194 qni
243 2126 316 2195 stirpi
328 2143 392 2178 suae
405 2125 520 2178 insidiati
538 2135 598 2177 sunt
618 2123 701 2176 latere
723 2123 844 2193 patieter.
881 2125 907 2177 si
926 2142 981 2178 cer·

73 2200 136 2247 tiora
156 2195 268 2248 oraculis
285 2195 391 2247 creditis
409 2211 469 2247 esse
487 2203 625 2262 tormenta,
639 2211 673 2248 ue
692 2193 761 2248 hanc
781 2193 889 2262 quidem
908 2193 981 2248 exhi·

74 2265 176 2318 beodae
190 2265 307 2319 veritatis
318 2263 399 2318 fidem
412 2263 547 2334 deprecor.

106 2339 147 2387 40.
168 2333 257 2386 Solent
280 2335 317 2386 rei
346 2333 440 2402 capitis
469 2332 597 2386 adhibere
620 2333 695 2386 vobis
760 2335 867 2385 rentes.l
909 2334 982 2387 Duos

74 2403 165 2456 fratres
177 2419 227 2472 ego
245 2419 328 2472 nuper
344 2403 437 2470 amisi,
455 2411 556 2471 patrem
575 2419 626 2455 nec
644 2412 717 2456 osten
738 2419 782 2455 ere
801 2419 917 2474 possum,
930 2421 981 2458 nec

75 2473 194 2526 invocare
206 2473 299 2540 audeo,
313 2489 374 2524 cnm
388 2482 414 2524 et
432 2473 488 2540 ipse
507 2473 571 2524 tanti
590 2472 708 2526 criminis
726 2489 786 2524 reus
803 2473 843 2524 sit.
880 2474 979 2528 Parum

75 2553 110 2595 est
124 2543 205 2611 enim,
219 2551 255 2594 tot
267 2542 345 2594 modo
358 2541 471 2594 liberum
483 2549 629 2611 parentem,
643 2542 668 2595 in
689 2542 767 2594 unico
787 2541 841 2595 filio
860 2543 981 2612 acquies-

75 2622 186 2680 centem,
207 2627 238 2662 eo
256 2627 360 2680 quoque
378 2611 470 2680 orbari,
490 2611 539 2664 nisi
558 2611 617 2680 ipsc
644 2612 671 2664 in
697 2627 789 2679 rogum
815 2627 907 2667 meum
931 2613 980 2665 im·

75 2681 184 2750 ponitur.
222 2681 299 2748 Ergo,
318 2679 454 2732 carissime
478 2690 559 2750 pater,
579 2689 606 2734 et
625 2689 728 2750 propter
747 2697 791 2734 me
808 2681 933 2748 morieris,
953 2690 980 2733 et

102 2823 109 2846 ¹
122 2817 162 2864 ‘ls
172 2815 240 2865 there
253 2830 350 2875 onyone
358 2815 377 2862 l’
388 2829 402 2862 a
412 2815 522 2882 question
529 2814 608 2864 which
619 2826 719 2874 expects
729 2831 744 2862 a
754 2813 865 2873 negative
876 2828 978 2865 auswer.

102 2881 111 2906 ²
123 2874 208 2923 ‘With
220 2891 233 2922 a
243 2885 337 2980 {temer
348 2873 503 2932 expenditure
515 2873 550 2928 (of
562 2874 664 2942 trouble)
675 2875 734 2922 than
744 2871 830 2920 usual.¹

103 2933 148 2982 'ln
167 2933 227 2982 both
268 2944 317 2980 atrn
334 2933 380 2980 and
400 2933 490 2989 Greek,
508 2933 559 2982 first
579 2949 675 2982 cousins
691 2947 730 2980 are
747 2929 883 2990 frequently
901 2930 979 2982 called

78 2994 213 3112 urpghffi
227 3051 293 3106 then,
306 3066 345 3098 am
356 3049 368 3097 I
379 3065 433 3098 now
444 3059 468 3098 nt
479 3050 525 3098 last
536 3059 578 3110 put
595 3059 620 3097 to
635 3048 707 3097 death
718 3049 734 3094 !'
766 3046 863 3096 Demiror
878 3048 935 3099 here
951 3050 976 3099 in

79 3109 402 3217 ‘l??h¹l¹⁰wll¹2¹rl{⁶l{llr⁰
413 3109 744 3216 tlttt‘ttntlrlnrtt·

103 3184 424 3316 :Thesddcudativdinstedd
435 3227 463 3275 ol
473 3230 502 3274 de
511 3228 600 3274 scelere.
625 3223 679 3311 §ee
693 3201 773 3273 Grhm.
785 3225 799 3277 i
810 3229 861 3296 254,
874 3232 895 3276 2.

14 3349 16 3362 t
80 3284 798 3415 rardllllglllllsl'llllfllslh'lltrlllllllzl?
809 3296 979 3404 {ututur

82 3415 194 3454 mentions
204 3405 243 3452 hrs
254 3413 303 3472 too
312 3404 431 3472 brothers,
441 3401 508 3450 lsads
516 3417 545 3450 us
554 3412 579 3507 tp
585 3398 981 3513 1⁰⁰¹}{llssgtln'frlllfluffiogfuffi

15 3536 21 3588 ς
82 3461 718 3580 tttt'dtttlttltdrltrrrthtine:

516 3595 536 3631 Η
