2294 3842
136 231 192 284 238
402 245 441 285 nn
464 245 569 284 essars
591 243 774 283 anaxanonr.
850 207 853 216 ’

135 353 330 406 consolandam¹
352 353 507 422 patientiam
531 351 678 421 verberum,
699 369 732 404 an
756 349 790 402 ad
814 349 979 402 incitandum
1002 347 1040 416 ju·

134 439 230 474 venum
243 422 359 475 dolorem
372 423 474 475 dictum
486 432 564 491 esset,
579 425 602 473 in
616 422 741 488 ambiguo
754 419 843 474 luisse.
881 419 947 487 Rex,
961 419 1042 470 animi

134 492 300 562 corporisque
313 507 404 561 sopore
416 493 541 559 discusso,
556 509 616 543 cum
629 491 694 543 tanti
706 489 824 560 periculi,
838 504 891 556 quo
904 487 1043 548 evaserat,2

135 562 221 628 imago
239 562 323 614 oculis
340 562 479 628 oberraret,
494 561 673 629 Eurylochum
693 560 714 611 L
733 560 839 612 talentis
857 567 883 608 et
902 557 1042 625 cujusdam

134 630 265 698 Tyridatis
285 630 417 700 opulentis
439 629 514 682 bouis
534 631 651 699 protinus
670 629 756 696 donat,
778 629 950 695 fratremque,
973 635 1043 677 ante-

134 717 214 768 quam
233 717 283 769 rpro
304 700 387 752 salute
408 698 466 768 ejus
504 710 641 766 recaretur,
664 700 784 750 restituit.
820 697 935 749 Sceleris
955 705 1044 746 autern

133 779 262 836 auctores,
276 770 396 837 interque
415 785 461 819 eos
479 716 666 836 dallisthenen,
686 769 786 819 vinctos
804 765 936 818 asservari
954 764 1045 834 jubet:

134 839 229 907 quibus
240 838 266 890 in
281 839 380 906 regiam
392 837 522 906 adductis,
536 845 588 889 toto
600 837 644 888 dic
657 846 684 889 et
697 848 773 890 nocte
786 835 914 906 proxima,
929 851 1002 886 mero
1014 849 1045 884 ac

135 907 231 974 vigiliis
242 908 337 976 gravis,
351 906 492 978 acquievit.

170 982 210 1029 24.
230 977 335 1030 Postero
348 987 439 1028 autern
457 975 581 1044 frequens
599 975 736 1027 consilium
754 973 882 1041 adhibuit,
897 973 941 1024 cui
958 980 1046 1041 patres

134 1047 325 1116 propinquique
346 1063 446 1114 eorum,
467 1045 501 1096 de
520 1045 616 1113 quibus
635 1045 770 1112 agebatur,
791 1045 941 1108 intererant,
961 1059 993 1092 ne
1012 1043 1047 1092 de

135 1133 182 1167 sua
202 1116 311 1183 quidem
331 1115 415 1167 salute
434 1130 536 1166 secun:
557 1115 652 1182 quippe
673 1113 852 1165 Macedonum
870 1128 944 1162 more
963 1111 1047 1179 perire

135 1185 276 1252 debebant,
300 1187 420 1236 omnium
443 1183 548 1236 devotis
570 1183 709 1252 capitibus,
735 1183 778 1250 qui
804 1183 936 1247 sangnine
965 1179 1046 1231 conti·

134 1255 235 1322 gissent
253 1254 318 1320 eos,³
352 1255 407 1306 Rex
427 1252 554 1304 introduci
573 1253 720 1322 conjuratos
738 1264 843 1320 praeter
861 1249 1044 1302 Callisthenen

134 1323 225 1392 jussit:
239 1331 318 1402 atque
332 1339 400 1390 quae
412 1323 584 1390 agitaverant,
595 1323 652 1374 sine
666 1321 832 1373 cunctatione
846 1319 964 1370 confessi
979 1328 1046 1371 sunt.

137 1393 335 1459 lncrepantrbus
347 1391 444 1443 deinde
457 1391 586 1444 universis
598 1408 651 1458 eos,
666 1391 722 1460 ipse
736 1407 788 1456 rex,
803 1407 855 1458 quo
874 1405 923 1440 suo
943 1388 1049 1442 merito⁴

136 1469 237 1512 tantum
262 1461 287 1512 in
311 1469 396 1512 semet
415 1461 574 1527 cogitassent
599 1459 721 1512 lacinus?
746 1459 896 1526 interrogat.
935 1459 1047 1525 Stupen-

136 1530 206 1580 tibus
226 1531 327 1598 octeris,
349 1529 512 1598 Hermolaus,
534 1531 589 1582 Nos
608 1532 688 1596 vero,⁶
709 1529 798 1597 inquit,
819 1527 957 1596 quoniam,
971 1526 1048 1595 quasi

137 1599 247 1664 nescias,
266 1599 379 1667 quaeris,
399 1597 536 1650 occidendi
549 1608 586 1650 ·te
605 1599 741 1650 consilium
761 1597 894 1664 inivimus,
914 1601 980 1664 quia
999 1613 1048 1648 nou

137 1677 163 1717 ut
179 1668 298 1734 ingenuis
317 1669 447 1736 imperare
467 1667 585 1736 coepisti,
600 1667 646 1719 sed
666 1667 740 1736 quasi
769 1667 794 1718 in
814 1666 948 1734 mancipia
966 1665 1048 1717 dorni-

136 1737 214 1789 naris.
251 1736 354 1788 Primus
372 1753 406 1788 ex
423 1737 546 1789 omnibus
566 1744 639 1806 pater
654 1737 736 1805 ipsius
754 1735 860 1804 Sopolis,
876 1735 1048 1804 parricidiam

137 1806 217 1858 etiam
237 1805 354 1874 parentis
371 1806 409 1857 sui
428 1791 566 1858 olamr‘tans
585 1823 651 1875 esse,
665 1807 805 1874 consurgit,
819 1815 844 1855 et
864 1805 899 1856 ad
919 1822 950 1854 os
968 1821 1049 1856 manu

136 1874 247 1944 objecta,
262 1875 362 1926 scelere
375 1885 401 1926 et
414 1875 492 1926 malis
504 1876 678 1927 insanientem
699 1875 765 1926 ultra
784 1885 862 1942 negat
874 1873 1048 1925 audiendum.

138 1945 194 1997 Rex
213 1943 324 1996 inhibito
343 1954 415 2012 patre
435 1943 524 1996 dicere
543 1944 712 1996 Hermolaum
737 1943 819 2012 jubet,
839 1961 909 2012 quae
935 1961 971 1995 ex
994 1959 1048 1994 ma·
1079 1969 1083 1978 ·

137 2017 217 2076 gistro
242 2013 379 2065 didicisset
403 2013 573 2066 Callisthene.
599 2015 644 2066 'Et
670 2014 832 2080 Hermolaus
855 2013 927 2080 Utor,
951 2013 1045 2080 inquit,

137 2084 266 2135 beneficio
280 2092 330 2152 tuo,
345 2091 370 2134 et
383 2081 449 2150 dico,
463 2099 531 2150 quae
545 2083 638 2134 nostris
651 2081 727 2134 malis
745 2082 845 2133 didici.l
881 2081 970 2139 Quota
989 2099 1049 2149 pars

137 2153 317 2204 Macedonum
337 2153 463 2203 saevitiae
482 2159 543 2202 tuae
562 2151 700 2220 superest?
719 2160 815 2219 quotus
826 2151 951 2219 qnidem⁷
963 2167 1014 2202 non
1032 2167 1047 2201 e

138 2221 263 2272 vilissimo
287 2221 434 2288 sanguine?
478 2220 583 2273 Attalus
607 2230 632 2272 et
657 2220 774 2272 Philotas
798 2229 823 2271 et
848 2221 992 2288 Parmenio
1021 2228 1048 2271 et

137 2291 283 2356 Lyncestes
300 2290 451 2341 Alexander
469 2299 495 2342 et
515 2290 605 2357 Clitus,
619 2300 747 2358 quantum
765 2290 798 2340 ad
817 2287 908 2340 hostes
925 2290 1048 2358 pertinet,

138 2361 235 2424 vivunt,
250 2368 318 2408 stant
338 2360 363 2408 in
382 2359 448 2426 acie,
469 2367 495 2410 te
513 2359 607 2428 clipeis
624 2360 677 2410 suis
696 2367 841 2427 protegunt,
856 2367 882 2410 et
902 2376 949 2426 pro
966 2359 1049 2427 gloria

138 2439 189 2483 tna,
218 2443 262 2494 pro
288 2427 395 2478 victoria
418 2426 528 2478 vulnera
560 2430 707 2497 accipiunt:
739 2427 835 2496 quibus
859 2435 886 2479 tu
912 2429 1049 2496 egregiam

136 2497 245 2563 gratiam
271 2495 401 2548 rettulisti.
438 2496 515 2548 Alius
538 2515 659 2549 mensam
683 2506 757 2548 tuam
783 2497 912 2564 sanguine
939 2514 988 2549 suo
1008 2515 1049 2550 as·

166 2601 172 2622 ¹
185 2595 213 2640 ln
227 2594 275 2641 this
286 2594 448 2646 construction
460 2610 496 2641 wc
508 2606 571 2642 must
589 2595 643 2654 give
655 2605 679 2641 to
689 2597 805 2642 consolari
821 2594 861 2640 the
877 2608 949 2642 sense
967 2595 995 2642 of
1009 2601 1051 2642 ‘to

138 2653 249 2712 produce,
262 2655 294 2713 hy
306 2653 343 2700 his
354 2653 479 2712 consoling
490 2654 579 2709 words,
592 2654 705 2712 apatient
722 2653 855 2700 endurance
867 2653 909 2707 of‚'
922 2654 987 2711 διας
1006 2656 1049 2702 but

137 2713 177 2758 the
189 2713 359 2783 expressionis
371 2729 385 2759 a
395 2714 531 2760 contracted
543 2728 587 2760 one
599 2713 634 2760 for
645 2717 675 2774 ad
690 2716 841 2762 consolandos
859 2730 895 2761 eos
912 2723 938 2760 ut
956 2717 1050 2762 verbero

136 2781 449 2884 “qiidsaidmdh'dahhlirliid
462 2845 503 2876 see
521 2831 617 2889 Zumpt,
632 2831 705 2881 WB.
738 2830 807 2898 With
825 2829 927 2878 Tacitus
944 2830 990 2878 end
1007 2831 1050 2878 the

137 2900 230 2936 wrrters
237 2891 265 2938 ol
271 2891 323 2938 that
332 2906 386 2951 age,
396 2893 466 2938 evodo
475 2905 578 2950 governs
587 2890 628 2936 the
638 2903 782 2937 accusatrve.
801 2890 847 2936 See
857 2890 957 2948 Zumpt,
969 2891 982 2940 ll
993 2893 1047 2946 386,

136 2949 255 3075 std,Jf'},·,he
272 3007 347 3055 heads
362 3008 390 3056 of
402 3008 434 3055 all
449 3007 504 3054 who
516 3023 579 3076 were
591 3007 681 3074 related
693 3009 725 3066 by
737 3008 808 3055 blood
825 3017 849 3054 to
865 3005 907 3054 the
925 3006 1048 3055 criminals

138 3068 210 3126 being
220 3066 322 3114 doomed
333 3077 358 3113 to
369 3067 418 3114 fall.
449 3066 504 3114 The
520 3068 672 3124 subjunctrve
689 3065 794 3124 depende
811 3081 842 3112 on
858 3066 899 3112 the
916 3066 999 3114 clause
1011 3068 1047 3114 ito

137 3128 274 3174 institarum
285 3133 334 3172 erat
345 3135 381 3180 at,
394 3125 474 3172 which
485 3125 505 3172 is
517 3125 613 3182 implied
626 3125 649 3170 in
661 3125 815 3172 Macedonum
825 3143 894 3173 more.

167 3191 174 3212 ⁴
185 3190 190 3210 ⁴
201 3184 239 3230 On
251 3192 352 3230 account
364 3182 392 3230 of
403 3183 468 3230 what
480 3183 537 3231 fault
550 3183 578 3230 os
589 3183 643 3230 his’

167 3252 174 3274 ³
188 3242 254 3296 Vero,
268 3241 419 3301 introducing
430 3242 471 3290 the
482 3258 507 3290 re
525 3242 557 3302 ly.
590 3243 636 3290 See
649 3243 746 3300 Zumpt,
759 3241 773 3293 l
784 3245 837 3292 716.

149 3307 173 3403 ht
183 3301 266 3346 ¹What
282 3299 294 3346 I
310 3299 372 3347 have
388 3300 486 3348 learned
511 3317 562 3349 rom
579 3317 622 3349 our
638 3301 799 3349 misfcrtunes’
814 3308 862 3356 (not
880 3300 942 3349 horn
959 3301 1049 3350 Callis·

138 3368 145 3402 t
166 3366 239 3410 anes).

166 3415 284 3472 'Quidem
300 3430 382 3462 serves
399 3415 455 3462 here
472 3433 498 3464 as
515 3434 529 3464 a
544 3419 643 3476 particle
660 3419 688 3466 of
699 3419 848 3468 restrictiori:
874 3418 945 3467 ‘how
960 3417 1018 3477 few,
1037 3419 1050 3470 1

138 3486 206 3516 mean
219 3473 273 3519 how
285 3472 331 3521 lew
343 3473 371 3520 ol
382 3474 453 3521 noble
464 3475 582 3523 deceant!
